3132 5043
496 434 627 499 302

568 626 789 679 deorum
820 626 1029 693 effigies
1052 625 1281 694 grandes
1311 643 1486 694 pupae
1517 630 1644 678 sunt

565 715 592 767 Ι
642 715 760 778 109,
811 715 896 767 22.
952 717 1071 778 110,
1122 717 1170 767 7.
1228 715 1304 767 dii
1355 732 1463 768 non
1515 732 1642 768 auro

567 804 726 858 ebore
774 805 1001 872 gemmis
1051 804 1331 857 excolendi
1385 820 1643 857 exornan-

566 891 724 961 dique
773 896 900 945 sunt
937 894 964 946 Ι
1006 894 1125 953 109,
1164 895 1212 946 6.
1253 895 1375 955 692,
1414 895 1464 947 4.
1522 896 1641 947 uni·

563 998 718 1034 uersa
763 982 907 1034 mala
956 982 1131 1034 cultus
1172 982 1391 1035 deorum
1430 983 1643 1036 induxit

562 1069 590 1121 1
626 1071 748 1134 421,
786 1071 1018 1132 4-423,
1061 1073 1142 1124 15.
1202 1070 1422 1124 deorum
1462 1073 1640 1125 cultus

563 1175 721 1226 quam
768 1176 1053 1229 peruersus
1092 1164 1147 1213 et
1182 1162 1519 1229 perniciosus
1568 1163 1641 1215 sit

562 1246 589 1299 1
626 1247 748 1310 274,
789 1249 821 1301 6
862 1266 929 1301 88.
968 1249 1088 1313 278,
1128 1252 1163 1303 4
1193 1268 1260 1303 ss.
1304 1251 1425 1313 281,
1469 1253 1530 1304 11
1566 1268 1635 1304 88.

562 1336 682 1399 604,
719 1338 979 1401 10—606,
1007 1341 1055 1391 5.
1098 1337 1316 1391 deorum
1347 1339 1637 1407 religiones

559 1424 761 1494 triplici
798 1426 959 1478 modo
1000 1443 1173 1480 uanae
1212 1431 1339 1480 sunt
1375 1427 1402 1480 I
1445 1430 1562 1491 173,
1602 1431 1635 1481 4

561 1530 630 1565 88.
674 1515 790 1577 174,
826 1515 906 1568 12.
947 1516 1069 1575 699,
1101 1516 1133 1568 2
1173 1532 1241 1570 88.
1283 1533 1377 1569 cur
1413 1517 1634 1571 deorum

561 1602 792 1655 cultores
825 1603 955 1656 boni
987 1607 1041 1656 et
1071 1605 1200 1657 iusti
1231 1623 1345 1657 esse
1376 1624 1479 1659 non
1510 1625 1634 1675 pos-

562 1691 672 1743 sint
712 1692 736 1744 1
773 1692 895 1753 432,
943 1695 1006 1747 14
1046 1711 1113 1746 88.
1176 1694 1455 1748 duodecim
1495 1695 1571 1749 dii
1609 1697 1636 1749 Ι

560 1780 644 1841 26,
704 1781 787 1835 22.
866 1780 1111 1850 Orpheus
1171 1781 1448 1837 CCCLXV
1504 1784 1633 1837 deos

561 1883 677 1920 esse
726 1867 860 1921 dicit
905 1870 932 1922 Ι
979 1871 1064 1934 26,
1104 1872 1189 1927 22.
1251 1871 1325 1924 (111
1372 1873 1633 1925 maiorum

561 1957 805 2024 gentium
836 1957 863 2010 1
892 1960 976 2021 60,
1002 1961 1049 2012 7.
1084 1960 1301 2013 deorum
1332 1978 1415 2013 res
1445 1965 1633 2030 gestae

560 2045 625 2097 ab
681 2045 985 2101 Euhemero
1044 2049 1304 2102 collectae
1362 2049 1389 2102 I
1443 2052 1531 2113 42,
1582 2051 1629 2103 3.

558 2133 678 2196 685,
724 2135 803 2187 10.
846 2136 910 2189 cf.
950 2137 1229 2206 Epicurus,
1271 2139 1457 2193 Stoici.

486 2220 735 2276 dexterae
793 2227 1027 2293 corporis
1074 2231 1257 2295 partes
1307 2228 1371 2280 cf.
1421 2245 1630 2297 corpus.

489 2310 758 2365 diabolus:
815 2312 1059 2381 διάβολος
1101 2314 1318 2369 Graecis
1356 2316 1383 2368 I
1424 2317 1542 2378 130,
1580 2319 1630 2373 4.

560 2399 625 2452 de
663 2401 824 2453 factis
865 2401 1171 2473 diabolusI
1210 2405 1331 2463 695,
1364 2405 1412 2459 3.
1453 2404 1509 2457 id
1549 2410 1632 2458 est

559 2489 869 2544 criminator
912 2490 940 2544 I
990 2492 1108 2554 130,
1147 2493 1198 2545 4.
1250 2494 1366 2558 158,
1409 2496 1456 2548 7.
1505 2496 1630 2559 489,

557 2580 605 2631 9.
655 2581 776 2643 695,
825 2582 874 2633 3.
934 2581 1048 2633 8188
1099 2581 1311 2634 delator
1355 2583 1382 2636 Ι
1420 2585 1541 2647 695,
1581 2585 1630 2637 3.

559 2669 696 2721 alter
742 2671 962 2738 spiritus
1010 2687 1041 2722 a
1089 2669 1189 2723 deo
1229 2671 1405 2724 factus
1443 2671 1470 2724 1
1512 2673 1630 2736 129,

563 2758 625 2810 13
640 2781 651 2822 ;
693 2757 757 2810 cf.
800 2759 1037 2826 spiritus.
1097 2759 1165 2811 ad
1210 2761 1412 2816 malum
1450 2769 1630 2814 trans-

557 2846 767 2899 scendit
811 2847 840 2899 Ι
881 2847 997 2909 129,
1041 2848 1121 2901 15.
1165 2849 1282 2911 130,
1327 2850 1372 2902 1.
1413 2852 1629 2902 contur-

556 2935 688 2987 bata
724 2935 821 2987 illa
856 2951 1131 3004 prauaque
1170 2953 1320 2990 mens
1358 2937 1386 2990 I
1428 2939 1547 3002 143,
1578 2941 1626 2992 4.

558 3022 646 3076 dei
684 3024 923 3077 aemulus
962 3025 988 3076 I
1030 3024 1148 3090 144,
1189 3026 1236 3079 3.
1291 3027 1629 3081 aduersarius

558 3112 644 3165 dei
681 3113 708 3165 I
744 3115 866 3176 499,
912 3115 991 3166 11.
1051 3130 1250 3182 prauus
1290 3116 1565 3170 antitheus
1603 3118 1629 3169 I

559 3201 676 3266 144,
720 3203 801 3256 13.
861 3203 974 3255 8188
1024 3205 1108 3256 est
1159 3203 1404 3257 occidens
1440 3205 1467 3257 I
1509 3208 1624 3269 143,

554 3291 605 3353 4,
645 3294 700 3343 et
737 3308 839 3344 nox
877 3291 904 3344 I
946 3292 1062 3354 144,
1099 3293 1179 3346 13.
1217 3309 1284 3346 ne
1323 3310 1626 3364 corrumpe·

555 3381 639 3432 ret
683 3380 946 3445 homines,
985 3382 1136 3435 misit
1174 3381 1305 3435 deus
1344 3385 1564 3451 angelos
1602 3385 1628 3436 I

558 3469 674 3532 162,
710 3469 790 3525 19.
832 3486 923 3523 eos
960 3471 1247 3526 mulierum
1287 3474 1625 3540 congressio·

553 3558 711 3610 nibus
750 3559 1060 3628 inquinauit
1095 3559 1123 3612 I
1164 3560 1282 3622 163,
1326 3561 1372 3615 1.
1422 3559 1627 3615 diaboli

553 3646 821 3700 satellites
860 3651 916 3700 et
944 3648 1177 3701 ministri
1204 3649 1232 3701 I
1263 3649 1381 3712 163,
1413 3652 1461 3703 5.
1501 3651 1623 3712 695,

556 3735 636 3790 19.
691 3738 759 3802 cf.
801 3736 1239 3790 daemoniarches
1288 3742 1338 3791 et
1374 3739 1625 3809 princeps

552 3823 872 3880 daemonum
921 3830 985 3894 (s.
1025 3826 1354 3895 daemones).
1396 3858 1458 3866 -—
1511 3827 1623 3880 dia·

550 3915 674 3968 bolo
733 3913 886 3967 dedit
941 3914 1073 3968 deus
1130 3915 1195 3968 ab
1242 3917 1401 3969 initio
1448 3919 1624 3969 terrae

550 4004 881 4070 potestatem
930 4003 957 4054 I
1006 4003 1127 4065 162,
1179 4003 1259 4058 18.
1318 4003 1626 4057 dominator

550 4094 724 4142 terrae
763 4090 1142 4145 fallacissimus
1179 4091 1206 4144 Ι
1248 4093 1366 4156 163,
1396 4095 1444 4148 2.
1484 4093 1622 4147 inle-

551 4180 630 4231 xit
684 4179 886 4247 primos
943 4180 1190 4234 homines
1238 4182 1547 4235 criminator
1595 4182 1623 4234 1

554 4267 672 4330 158,
705 4268 735 4319 7
765 4285 853 4330 88.,
892 4285 1112 4338 serpens
1148 4287 1284 4323 unus
1314 4288 1375 4324 ex
1405 4270 1494 4324 dei
1518 4271 1621 4323 mi-

550 4356 737 4410 nistris
782 4358 809 4410 Ι
856 4359 978 4422 694,
1021 4360 1085 4412 14
1123 4376 1193 4412 88.
1251 4376 1468 4428 serpens
1514 4377 1622 4413 non

1550 434 1785 486 Index

1774 626 1990 680 destitit
2027 644 2208 680 semen
2248 627 2478 681 hominis
2517 630 2766 699 persequi
2816 631 2839 683 Ι

1771 716 1893 777 695,
1925 716 1958 768 2
1986 732 2054 768 ss.
2098 715 2276 782 (Cain)
2308 717 2363 769 in
2404 717 2621 771 caedem
2661 719 2838 772 fratris

1773 805 2003 857 armauit
2053 804 2080 857 I
2127 807 2247 868 695,
2296 808 2346 859 5.
2404 807 2667 860 malorum
2724 807 2838 859 fons

1769 893 1864 945 ille
1895 893 2066 945 diuini
2095 894 2326 947 nominis
2358 911 2567 963 semper
2596 896 2838 949 inimicus

1769 982 1795 1033 I
1832 983 1956 1037 499.
1996 983 2045 1045 3,
2086 983 2201 1035 eius
2238 982 2381 1036 liuor
2417 985 2444 1037 I
2486 984 2602 1047 130,
2646 985 2692 1038 1.
2730 1001 2838 1037 ma-

1770 1070 2019 1123 chinator
2064 1072 2301 1124 omnium
2347 1073 2609 1125 malorum
2654 1073 2683 1125 I
2721 1074 2838 1135 659,

1769 1161 1816 1212 7.
1896 1161 2109 1228 [auctor
2174 1176 2409 1214 errorum
2474 1162 2837 1231 malorumque

1766 1248 2001 1301 omnium
2039 1249 2378 1302 machinator
2414 1249 2471 1302 II
2509 1252 2578 1304 62
2616 1249 2738 1309 adn.
2770 1267 2834 1303 cr.

1766 1342 1794 1400 ξ
1831 1339 1908 1406 4.]
1970 1336 2073 1389 dux
2113 1336 2417 1402 damnatus,
2460 1338 2553 1407 qui
2590 1338 2741 1390 uitiis
2780 1355 2836 1391 ac

1764 1426 1920 1477 malis
1960 1425 2163 1494 praesit
2200 1425 2227 1477 I
2264 1426 2389 1489 488,
2428 1429 2476 1479 9.
2536 1427 2626 1479 uia
2665 1427 2837 1479 crimi-

1763 1513 1970 1566 natoris
2008 1513 2158 1566 illius
2199 1515 2292 1584 qui
2329 1515 2512 1583 prauis
2563 1515 2837 1583 religioni-

1763 1600 1863 1652 bus
1893 1602 2164 1654 institutis
2193 1602 2444 1656 homines
2474 1604 2529 1656 18
2555 1605 2700 1656 uiam
2719 1620 2834 1672 per·

1764 1687 1986 1741 ditionis
2025 1689 2238 1744 inducit
2274 1689 2301 1742 I
2338 1691 2462 1753 489,
2502 1692 2550 1755 9,
2589 1708 2835 1760 praecur-

1762 1793 1851 1828 sor
1890 1778 2004 1830 eius
2043 1779 2163 1834 uiae
2202 1780 2324 1843 505,
2368 1781 2470 1834 19.·
2506 1781 2663 1834 huius
2717 1781 2834 1834 uiae

1763 1864 1866 1918 dux
1921 1868 2324 1935 praeuaricator
2378 1886 2441 1922 ac
2497 1866 2755 1924 subdolus
2809 1870 2834 1922 I

1761 1954 1883 2017 506,
1940 1956 1989 2007 6.
2049 1956 2229 2024 aliqua
2284 1973 2539 2026 peruersa
2591 1962 2833 2028 potestas

1763 2045 1987 2097 ueritati
2024 2045 2261 2112 inimica,
2291 2047 2378 2099 cui
2404 2064 2568 2100 unum
2600 2048 2675 2099 sit
2705 2063 2833 2116 opus

1760 2132 2040 2186 hominurn
2080 2151 2298 2188 caecare
2336 2139 2547 2189 mentes
2575 2135 2603 2188 I
2631 2136 2721 2199 97,
2751 2136 2831 2188 20.

1761 2236 2065 2290 expugnare
2128 2223 2387 2276 uirtutem
2461 2224 2832 2292 iustitiamque

1760 2310 1827 2362 ab
1866 2309 2175 2365 hominibus
2215 2313 2496 2366 excludere
2533 2312 2561 2365 Ι
2600 2313 2722 2377 564,
2754 2314 2830 2366 11.

1761 2398 2055 2454 dominium
2112 2402 2349 2470 corporis
2404 2402 2572 2454 habet
2626 2401 2653 2453 1
2717 2403 2829 2463 157,

1761 2488 1952 2543 7-12,
2013 2490 2126 2543 8188
2173 2490 2477 2544 inlecebrae
2524 2490 2830 2561 uoluptates

1757 2576 1784 2629 Ι
1823 2579 1943 2638 564,
1989 2577 2053 2632 10
2092 2595 2160 2631 88.
2201 2579 2412 2632 inlicita
2449 2580 2718 2633 desideria
2753 2581 2831 2632 in-

1757 2666 1931 2719 mittit
1983 2667 2007 2718 1
2055 2668 2176 2730 565,
2228 2668 2288 2720 11
2341 2685 2409 2720 ss.
2472 2669 2735 2732 1-4-566,
2782 2671 2828 2723 2.

1758 2754 1837 2822 [11
1882 2756 1951 2808 62
1994 2754 2117 2807 adn.
2167 2771 2236 2807 cr.
2285 2760 2314 2818 ξ
2351 2756 2427 2824 4.]
2487 2757 2600 2809 8188
2657 2756 2827 2810 hostis

1758 2843 1988 2896 insidiae
2026 2844 2318 2912 uariaeque
2358 2849 2502 2898 artes
2540 2845 2567 2898 1
2602 2847 2731 2910 493,
2767 2847 2827 2899 13

1758 2949 1827 2985 88.
1885 2934 2004 2995 505,
2049 2934 2114 2986 19
2153 2950 2221 2986 88.
2279 2935 2401 2997 506,
2450 2936 2483 2988 6
2522 2951 2591 2986 88.
2646 2934 2729 3002 [11
2764 2934 2827 2986 62

1757 3020 1877 3076 adn.
1918 3038 1988 3074 cr.
2027 3028 2055 3086 ἓ
2091 3024 2128 3076 4
2165 3023 2250 3090 8.].
2305 3024 2517 3075 astutus
2569 3039 2630 3076 ac
2667 3039 2827 3092 saepe

1756 3110 2028 3163 uiolentus
2067 3109 2122 3162 11
2160 3111 2213 3173 5,
2253 3110 2444 3162 7—12.
2496 3110 2827 3178 persecutio-

1755 3199 1837 3251 nis
1877 3202 2064 3252 auctor
2098 3199 2154 3251 ΙΙ
2192 3202 2241 3262 5,
2283 3200 2330 3253 7.
2370 3198 2397 3251 Ι
2436 3199 2557 3263 761,
2602 3200 2684 3252 10.
2735 3197 2827 3251 ad·

1756 3289 2049 3342 uersarium
2106 3288 2264 3341 nobis
2322 3287 2453 3341 deus
2509 3288 2826 3350 reseruauit,

1754 3381 1817 3429 ut
1845 3394 2122 3445 possemus
2152 3394 2342 3446 capere
2369 3377 2627 3430 uirtutem
2657 3377 2686 3431 Ι
2706 3376 2824 3438 493,

1753 3467 1805 3519 2.
1863 3466 2205 3520 aduersarius
2262 3467 2355 3520 ille
2401 3469 2588 3519 noster
2632 3465 2659 3518 Ι
2707 3466 2825 3525 565,

1758 3555 1837 3608 11.
1889 3554 2226 3607 aduersarius
2271 3554 2299 3606 Ι
2349 3554 2469 3618 761,
2512 3555 2592 3607 10.
2645 3554 2722 3622 [II
2760 3556 2820 3607 61

1753 3644 1876 3697 adn.
1909 3660 1980 3697 cr.
2009 3649 2037 3708 ξ
2071 3644 2141 3711 1.]
2183 3643 2517 3696 conluctator
2550 3646 2607 3696 et
2635 3642 2824 3696 aduer-

1753 3734 1923 3786 sarim
1979 3737 2166 3786 noster
2210 3731 2267 3785 II
2313 3732 2362 3795 5,
2409 3733 2459 3785 6.
2519 3731 2637 3799 [cur
2693 3731 2823 3784 deus

1751 3823 1916 3876 talem
1965 3838 2081 3875 esse
2128 3821 2364 3875 uoluerit
2399 3820 2426 3873 Ι
2469 3821 2587 3883 130,
2627 3822 2660 3874 5
2699 3820 2853 3874 adn.-

1750 3928 1819 3964 cr.
1867 3916 1896 3974 ξ
1939 3913 1963 3964 1
2007 3913 2101 3979 88.]
2163 3911 2280 3978 [cur
2323 3908 2466 3963 hunc
2513 3912 2818 3964 uexatorem

1751 4001 1938 4070 generi
1973 4001 2250 4053 hominum
2289 3999 2634 4053 constituerit
2668 3998 2726 4052 ΙΙ
2752 3999 2815 4051 61

1750 4090 1872 4143 adn.
1923 4107 1993 4144 cr.
2042 4094 2071 4153 ξ
2123 4090 2147 4142 1
2199 4090 2308 4157 88.].
2387 4089 2473 4156 [ut
2527 4088 2820 4157 prosternit

1748 4180 1965 4243 multOS,
2015 4179 2092 4232 sic
2140 4195 2170 4231 a
2217 4177 2405 4230 multis
2462 4178 2643 4231 uictus
2696 4192 2817 4246 pro·

1750 4272 2060 4338 stratusque
2108 4267 2339 4321 discedit
2383 4266 2440 4320 11
2477 4268 2545 4322 62
2583 4266 2709 4320 adn.
2750 4284 2815 4319 cr.

1748 4361 1880 4424 ξὸ).
1919 4375 2116 4412 808818
2153 4356 2371 4426 proeliis
2411 4354 2658 4409 zabulum
2700 4372 2816 4409 cum
