3132 5043
1105 446 1487 498 nominum
1549 450 1623 500 et
1681 464 1941 500 rerum.

2548 167 2832 295 QX*

2827 292 2949 349 Ἢ

2569 456 2698 518 323

404 636 730 689 Maximinus
783 635 874 687 ubi
913 637 1182 689 intellexit
1221 636 1486 690 Licinium
1548 639 1691 709 apud
1747 640 1979 694 Lindum
2039 643 2284 697 Herculis
2343 662 2494 698 sacra
2541 647 2566 698 Ι
2614 647 2699 709 84,

404 729 462 777 et
529 725 949 778 Constantinum
1015 726 1323 794 nuptiarum
1383 727 1488 779 sol-

1625 730 1705 782 10.
1747 729 1868 793 689,
1911 732 1992 784 19.

399 814 676 866 lemnibus
728 820 1034 883 occupatOS,
1084 831 1201 867 cum
1255 817 1491 868 exercitu
1545 817 1734 870 littera
1781 819 1826 871 X
1877 820 1942 871 cf.
2004 819 2267 874 Christus.
2320 854 2383 861 -
2424 823 2612 876 littera
2654 824 2699 875 Y

403 920 432 955 e
477 903 635 972 Syria
672 905 728 956 in
758 903 1077 972 Bithyniam
1114 904 1488 972 proficiscitur,

398 991 537 1045 ibid.
580 994 700 1055 225,
741 993 789 1046 3.
845 992 1084 1045 Licinius
1133 992 1200 1045 ad
1241 992 1489 1061 Byzantii
1550 994 1869 1064 Proserpina
1953 997 2233 1051 Locrensis

397 1085 591 1149 portas
628 1081 830 1133 milites
878 1081 1261 1149 praesidiarios
1309 1082 1487 1135 conlo-

402 1172 641 1231 cauerat,
701 1169 831 1222 ibid.
890 1171 1010 1232 225,
1082 1172 1162 1223 12.
1228 1170 1486 1223 festinato
1543 1171 1722 1239 logica
1754 1171 1926 1233 1213.
1967 1175 2013 1228 6.
2057 1175 2176 1237 706,
2216 1176 2265 1231 4.
2306 1174 2485 1248 λογική
2517 1178 2543 1229 I
2573 1179 2694 1241 212,
2796 1225 2799 1228 ,

397 1259 599 1310 itinere
637 1259 943 1311 Mediolano
1002 1276 1283 1312 occurrens
1320 1259 1487 1312 Maxi-

1618 906 1645 958 1
1680 908 1804 967 486,
1849 909 2109 972 17-488,
2153 911 2233 963 19.

2309 1000 2333 1052 Ι
2409 1002 2534 1061 127,
2616 1003 2696 1057 13.

1622 1085 1738 1146 169,
1780 1086 1863 1139 15.

1616 1263 1700 1314 21.
1743 1261 1861 1323 706,
1905 1263 1952 1315 1.

395 1347 548 1399 mino
608 1346 1054 1415 Hadrianopolim
1119 1349 1289 1411 uenit,
1354 1347 1484 1401 ibid.
1540 1349 2014 1417 loquendimunus
2035 1351 2089 1403 II
2113 1353 2196 1413 35,
2223 1355 2414 1407 6-16.
2436 1354 2694 1423 loquendi

396 1436 526 1498 225,
592 1436 850 1499 18-226,
893 1438 940 1489 7.
984 1437 1306 1489 exercitibus
1364 1454 1485 1505 pro·

400 1525 796 1593 pinquantibus
843 1525 1052 1578 Licinio
1110 1530 1267 1579 nocte
1335 1527 1484 1594 quie-

398 1615 579 1666 scenti
613 1614 833 1667 adsistit
862 1614 1088 1682 angelus
1126 1614 1213 1668 dei
1243 1632 1483 1677 monens,

1616 1437 1848 1491 facultas
1903 1440 2172 1507 quomodo
2227 1442 2321 1494 fiat
2373 1443 2428 1495 II
2479 1446 2566 1509 40,
2610 1447 2690 1498 14.

1613 1529 1700 1589 41,
1763 1530 1843 1581 11.
1902 1534 2053 1581 recta
2107 1530 2364 1598 loquendi
2424 1534 2560 1585 ratio
2632 1550 2693 1586 ex

1615 1618 1984 1685 grammaticis
2025 1618 2280 1672 discenda
2319 1620 2345 1672 Ι
2383 1622 2504 1685 258,
2544 1624 2592 1675 8.

396 1705 465 1755 ut
524 1720 641 1756 cum
700 1703 934 1756 exercitu
993 1703 1149 1756 deum
1190 1708 1385 1766 oraret,
1425 1709 1486 1757 ut
1540 1706 1788 1759 Lucanus
1856 1725 1888 1758 a
1947 1706 2254 1762 Lactantio
2309 1725 2418 1776 pro
2490 1709 2692 1763 Ouidio

394 1793 580 1845 uictor
625 1796 792 1845 esset:
844 1793 990 1859 quod
1031 1792 1482 1861 quemadmodum

1611 1796 1936 1848 nominatus
1972 1797 1998 1848 1
2035 1798 2121 1857 82,
2163 1798 2211 1849 5.

393 1881 605 1934 facturn
645 1882 716 1933 sit
756 1885 811 1934 et
849 1898 985 1950 quae
1023 1880 1188 1934 fuerit
1225 1883 1482 1950 precatiO,
1537 1883 1811 1937 Lucianus
1860 1884 1963 1937 diis
2015 1888 2070 1937 et
2107 1885 2416 1939 hominibus
2454 1903 2560 1938 non
2599 1904 2693 1955 pe-

392 1968 534 2022 ibid.
603 1971 724 2030 226,
798 1971 1020 2023 11-26.
1089 1971 1213 2033 227,
1291 1972 1481 2023 7-11,

1612 1974 1784 2040 percit
1821 1973 1847 2025 Ι
1889 1975 1972 2033 32,
2014 1974 2098 2026 20.

390 2059 605 2128 proelio
662 2059 921 2112 Kalendis
993 2060 1129 2112 Mais
1194 2062 1337 2127 (226,
1395 2061 1479 2113 23.
1537 2062 1782 2114 Lucilius
1841 2065 2048 2131 (poeta)
2107 2062 2133 2114 I
2191 2065 2277 2126 32,
2340 2065 2419 2117 19.
2479 2063 2690 2116 deridet

391 2149 523 2209 228,
568 2151 635 2214 1.)
677 2150 733 2201 in
773 2147 976 2217 Campo
1019 2150 1219 2202 Sereno
1254 2151 1397 2214 (227,
1426 2152 1479 2215 5)

388 2237 545 2289 facto
586 2238 936 2290 Maximinum
974 2239 1162 2299 uincit,
1197 2238 1329 2293 ibid.
1357 2240 1479 2301 226,

392 2327 664 2389 27-228,
722 2326 770 2379 3.
829 2327 1012 2395 paucis
1069 2330 1196 2396 post
1245 2344 1481 2395 pugnam

391 2415 589 2468 diebus
626 2415 997 2468 Nicomediam
1034 2416 1311 2484 ingressus
1343 2416 1480 2471 Con-

389 2506 637 2558 stantino
678 2507 840 2574 atque
878 2505 994 2574 ipso
1034 2507 1120 2559 ter
1168 2505 1479 2559 consulibus

390 2595 462 2647 de
512 2594 851 2647 restituenda
899 2595 1123 2647 ecclesia
1170 2594 1480 2648 huiusmodi

387 2685 607 2737 litteras
662 2683 730 2735 ad
781 2683 1084 2753 praesidem
1144 2684 1297 2736 datas
1355 2701 1477 2753 pro·

385 2774 523 2842 poni
552 2773 728 2836 iussit,
757 2771 891 2824 ibid.
925 2773 1045 2836 228,
1084 2774 1278 2826 9-14.
1328 2774 1479 2843 ipsae

391 2862 501 2915 hac
538 2862 775 2924 litterae,
816 2860 947 2913 ibid.
978 2892 1045 2900 —-
1077 2863 1198 2924 233,
1242 2865 1322 2917 16.
1368 2863 1478 2930 [Li-

386 2949 567 3002 cinius
632 2950 930 3018 Augustus,
990 2950 1123 3008 ibid.
1188 2951 1311 3015 228,
1374 2953 1475 3022 16.]

387 3040 557 3092 etiam
608 3039 774 3092 uerbo
823 3039 1071 3092 hortatus
1111 3043 1208 3102 est,
1250 3045 1312 3094 ut
1350 3059 1474 3094 con-

383 3128 671 3180 uenticula
710 3126 1139 3181 Christianorum
1178 3130 1234 3181 in
1273 3132 1475 3182 statum

385 3215 683 3283 pristinum
737 3215 1106 3280 redderentur,
1163 3218 1295 3271 ibid.
1355 3219 1473 3284 233,

389 3309 475 3359 17.
514 3303 864 3356 Maximinum
904 3305 1128 3358 Tarsum
1175 3307 1475 3375 fugientem

384 3397 536 3446 terra
594 3395 836 3462 marique
890 3396 1103 3463 premit,
1163 3395 1292 3448 ibid.
1351 3399 1473 3461 234,

384 3485 451 3536 21
513 3500 585 3535 ss.
625 3483 894 3536 Valeriam
953 3485 1172 3554 eiusque
1230 3490 1472 3549 matrem,

386 3570 805 3636 Candidianum,
872 3573 1237 3637 Seuerianam,
1304 3577 1473 3630 Maxi·

381 3662 523 3714 mini
596 3661 767 3715 filium
833 3663 1119 3715 maximum
1187 3667 1241 3716 et
1306 3664 1474 3718 filiam

382 3754 707 3819 septennem
737 3766 1023 3817 eorumque
1051 3755 1279 3806 matrem
1306 3754 1469 3808 inter-

382 3840 477 3892 fici
514 3839 685 3903 iubet,
724 3839 856 3892 ibid.
896 3841 1015 3904 227,
1060 3843 1139 3894 14.

300 3928 507 3996 lingua
560 3927 702 3980 unde
759 3945 953 3981 nomen
1010 3929 1212 3983 habeat
1274 3931 1329 3984 ΙΙ
1384 3935 1469 3996 35,

384 4016 472 4069 18.
516 4047 580 4054 -
630 4015 686 4068 II
746 4017 827 4078 14,
885 4019 933 4070 6.
992 4018 1039 4070 8.
1099 4021 1185 4083 25,
1244 4021 1326 4073 10.
1384 4023 1468 4085 35,

380 4105 583 4165 4-36,
641 4105 691 4156 4.
755 4105 834 4160 15.
891 4107 977 4170 40,
1039 4110 1119 4161 17.
1180 4110 1267 4172 41,
1316 4111 1365 4162 3.
1418 4111 1466 4163 8.

380 4193 656 4261 interpres
709 4194 873 4247 animi
924 4195 949 4248 1
1002 4197 1124 4259 547,
1164 4197 1249 4250 23.
1286 4198 1344 4251 11
1380 4201 1465 4264 35,

379 4285 429 4335 5.
472 4282 833 4349 cogitationis
873 4285 1138 4354 interpres
1178 4286 1233 4338 II
1268 4288 1383 4352 105,
1416 4291 1465 4343 3.

379 4371 650 4423 sermonis
689 4373 933 4427 ministra
973 4374 999 4426 I
1038 4379 1159 4438 392,
1208 4376 1287 4428 17.

1612 2151 1906 2204 stultitiam
1983 2168 2165 2205 eorum
2243 2153 2335 2220 qui
2409 2152 2694 2204 simulacra

1613 2243 1808 2308 putant
1846 2239 1975 2293 deos
2016 2257 2132 2293 esse
2171 2241 2198 2293 Ι
2237 2242 2322 2303 90,
2361 2242 2410 2293 4.
2455 2242 2536 2294 12.
2568 2241 2689 2304 688,

1608 2328 1657 2379 3.
1713 2327 1839 2380 deos
1895 2334 2076 2396 patres
2127 2330 2393 2381 nominari
2449 2329 2689 2383 Lucilius

1609 2417 1664 2468 in
1702 2416 1939 2469 Deorum
1981 2419 2212 2471 concilio
2267 2419 2466 2471 inridet
2503 2418 2530 2470 1
2569 2418 2689 2481 280,

1609 2507 1659 2560 3.
1710 2505 1774 2558 de
1822 2508 2026 2560 uirtute
2072 2506 2100 2560 Ι
2144 2507 2265 2570 494,
2318 2508 2402 2560 21.
2441 2508 2563 2571 499,
2603 2507 2686 2560 21.

1610 2597 1731 2658 500,
1789 2597 1869 2650 14.
1927 2597 2006 2648 17.
2061 2599 2180 2659 501,
2240 2597 2288 2649 8.
2348 2597 2467 2658 502,
2526 2597 2558 2649 9
2617 2614 2668 2648 ss

1607 2686 1951 2737 tenebrosam
2005 2686 2168 2738 istam
2225 2686 2395 2738 uitam
2447 2685 2690 2753 depinxit

1608 2773 1634 2825 Ι
1672 2774 1796 2836 428,
1837 2776 1887 2827 6.
1927 2774 2069 2843 apud
2107 2775 2373 2827 Lucilium
2414 2774 2687 2827 disserens

1607 2862 1894 2930 Neptunus
1934 2862 1999 2914 de
2039 2880 2095 2915 re
2137 2863 2457 2916 difficillima
2498 2863 2525 2916 Ι
2560 2864 2684 2924 444,

1608 2952 1656 3003 7.
1695 2950 1835 3003 illud
1872 2951 2209 3004 Lucilianum
2248 2952 2275 3004 1
2315 2954 2434 3014 547,
2474 2952 2558 3005 20.

1533 3040 1776 3093 Lucilius
1800 3045 1890 3108 (ap
1932 3039 2245 3094 Ciceronem
2265 3041 2348 3092 De
2376 3045 2485 3093 nat.
2519 3041 2684 3106 deor.)

1605 3129 1632 3182 I
1674 3131 1790 3191 115,
1836 3130 1916 3184 16.
1961 3129 2078 3192 122,
2120 3131 2202 3182 26.
2247 3130 2364 3193 139,
2411 3130 2492 3182 14.

1532 3219 1816 3271 Lucretius
1846 3218 2200 3287 philosophus
2232 3234 2292 3270 ac
2322 3222 2484 3287 poeta
2512 3219 2538 3272 I
2568 3219 2684 3281 105,

1604 3309 1656 3362 4.
1697 3308 1762 3360 de
1801 3324 1976 3359 rerum
2027 3310 2221 3359 natura
2267 3308 2513 3359 uersibus
2553 3309 2683 3360 scri·

1605 3396 1714 3465 psit
1751 3397 1778 3449 Ι
1821 3397 1937 3458 156,
1967 3401 2016 3450 5.
2047 3397 2311 3464 Epicurus
2352 3413 2473 3449 eum
2502 3396 2687 3449 docuit

1603 3485 1659 3538 ΙΙ
1687 3485 1772 3547 30,
1808 3487 1890 3539 18.
1918 3485 2138 3553 Epicuri
2176 3488 2303 3537 sunt
2330 3486 2512 3537 omnia
2541 3502 2678 3553 quae

1605 3573 1799 3626 delirat
1835 3574 2116 3626 Lucretius
2155 3574 2210 3626 11
2241 3575 2325 3634 22,
2359 3575 2407 3626 2.
2439 3574 2676 3627 Lucretii

1603 3663 1667 3715 de
1688 3663 1918 3731 Epicuro
1949 3679 2139 3715 uersus
2170 3662 2475 3715 inridentur
2502 3662 2528 3714 I
2557 3664 2679 3728 233,

1606 3752 1687 3804 14.
1718 3752 1957 3804 Lucretii
1992 3752 2141 3805 locus
2171 3752 2403 3820 Epicuro
2442 3752 2680 3805 tributus

1600 3841 1656 3894 ΙΙ
1693 3842 1779 3904 80,
1821 3843 1903 3894 13.
1945 3858 2065 3893 eum
2104 3841 2295 3893 laudat
2335 3840 2428 3909 qui
2475 3842 2679 3909 primus

1600 3931 1922 3999 sapientiam
1968 3931 2179 3982 inuenit
2215 3931 2242 3982 I
2282 3931 2401 3992 216,
2449 3931 2679 3994 4-217,

1602 4023 1649 4073 2.
1681 4020 1769 4091 (de
1801 4021 1900 4073 deo
1934 4021 2203 4073 communi
2234 4021 2471 4072 omnium
2500 4024 2676 4088 patre)

1597 4127 1705 4162 non
1773 4113 1915 4162 errat
1965 4109 1993 4161 I
2050 4111 2170 4172 515,
2242 4112 2289 4163 6.
2354 4110 2546 4162 merito
2615 4109 2678 4163 de

1595 4198 1798 4251 mundo
1851 4216 1957 4251 non
2004 4200 2284 4252 hominum
2334 4216 2493 4252 causa
2531 4199 2675 4254 facto

1595 4289 1623 4341 Ι
1661 4289 1783 4352 590,
1824 4291 1872 4342 5.
1917 4289 2000 4342 13.
2042 4295 2101 4342 ut
2143 4291 2338 4343 atomis
2378 4291 2552 4344 locum
2593 4292 2679 4344 fa-

1488 4415 1498 4453 1
1598 4384 1757 4439 ceret,
1810 4379 2209 4448 prouidentiam
2263 4381 2582 4435 excludebat
2619 4381 2673 4433 II
