3132 5043
1149 450 1527 502 nominum
1587 453 1661 502 et
1717 467 1979 502 rerum.

448 644 743 706 (omnium)
783 645 941 710 pater
978 642 1032 694 ΙΙ
1070 642 1154 703 60,
1199 642 1277 693 14.
1321 642 1404 701 75,
1449 642 1529 694 10.

397 776 407 782 .
445 747 594 783 1111118
631 730 884 798 idemque
925 730 1166 783 omnium
1206 730 1337 783 deus
1371 723 1534 799 'pater

443 819 509 871 11
550 820 635 883 60,
679 821 761 872 14.
802 819 1050 872 dominus
1090 819 1116 872 I
1157 820 1277 881 749,
1311 819 1393 871 12.
1435 817 1529 871 do-

443 908 630 960 minus
668 913 855 961 noster
891 909 918 961 I
945 908 1069 970 479,
1102 908 1149 960 6.
1192 906 1437 959 dominus
1478 909 1534 958 et

445 1000 613 1066 pater
660 1000 894 1066 (parens)
948 998 977 1050 I
1023 997 1109 1058 26,
1150 997 1183 1049 8
1221 1014 1263 1048 8.
1304 995 1425 1058 280,
1467 996 1532 1048 10

445 1104 523 1139 88.
564 1087 686 1149 282,
727 1088 758 1139 3
799 1103 867 1139 88.
907 1086 1029 1148 283,
1075 1087 1099 1137 1
1134 1102 1203 1137 88.
1243 1084 1366 1148 284,
1396 1086 1428 1137 2
1460 1102 1528 1137 88.

442 1175 576 1239 460,
617 1176 686 1228 20
726 1192 794 1229 88.
846 1175 967 1237 572,
1007 1175 1056 1228 3.
1107 1174 1228 1235 669,
1273 1174 1353 1225 12.
1408 1173 1529 1233 676,

444 1266 540 1317 21.
595 1265 714 1327 712,
753 1264 786 1316 6
826 1281 893 1315 88.
948 1263 1067 1324 730,
1113 1263 1175 1314 17
1217 1278 1257 1313 8.
1305 1262 1423 1323 735,
1469 1262 1527 1313 11

443 1370 521 1405 88.
561 1353 618 1406 Π
658 1353 775 1414 118,
817 1352 901 1404 23.
956 1351 1073 1415 130,
1116 1351 1181 1403 14
1217 1368 1289 1403 88.
1346 1367 1530 1418 quem·

445 1441 745 1494 admodum
799 1440 1082 1492 materiam
1143 1439 1189 1503 (I
1241 1440 1323 1503 15,
1377 1440 1426 1502 1)
1478 1442 1532 1490 et

443 1530 713 1583 mundum
753 1532 809 1581 et
833 1528 1015 1581 omnia
1044 1544 1180 1596 quae
1210 1528 1263 1579 in
1298 1544 1358 1579 eo
1402 1531 1533 1579 sunt

445 1619 723 1673 creauerit
767 1619 794 1671 Ι
846 1619 964 1681 132,
1014 1617 1242 1680 3-162,
1293 1616 1377 1668 22.
1426 1616 1530 1668 694

444 1725 521 1761 88.
580 1707 881 1776 precandus
927 1706 1086 1759 nobis
1136 1708 1192 1757 et
1229 1703 1531 1757 adorandus

2603 452 2724 517 301

1661 641 1923 696 18-514.
1972 643 2020 694 6.
2082 641 2240 694 deum
2297 658 2452 694 nosse
2500 643 2731 711 primum

1657 730 1795 796 legis
1845 729 1930 782 dei
1980 734 2143 798 caput
2192 730 2219 782 I
2266 730 2387 792 508,
2429 732 2460 783 5
2500 748 2570 786 88.
2612 732 2730 794 735,

1662 819 1742 872 11.
1785 818 1917 870 (18118
1955 818 2248 886 imperator
2274 818 2301 870 I
2331 819 2453 882 509,
2487 819 2570 871 17.
2610 820 2729 881 671,

1658 908 1751 970 23;
1794 906 1860 959 cf.
1890 907 2090 959 militia
2128 907 2392 963 caelestis.
2434 909 2564 961 deus
2605 909 2730 962 doc·

1659 1000 1746 1048 tor
1783 996 2083 1064 sapientiae
2123 995 2334 1065 duxque
2372 998 2591 1050 uirtutis
2625 998 2651 1049 Ι
2681 1001 2729 1061 5,

1658 1086 1706 1139 3.
1765 1084 2117 1137 inluminator
2153 1089 2337 1139 noster
2375 1086 2504 1139 (18118
2544 1086 2571 1138 Ι
2609 1088 2729 1148 547,

1659 1175 1707 1226 5.
1767 1173 1898 1225 (18118
1955 1177 2010 1226 et
2064 1173 2223 1226 iudex
2273 1177 2328 1226 et
2374 1175 2532 1227 testis
2588 1175 2731 1227 idem

1657 1262 1869 1314 futurus
1925 1262 1952 1314 I
2009 1264 2128 1324 575,
2191 1264 2273 1315 13.
2330 1262 2585 1315 iudicium
2644 1263 2730 1315 dei

1657 1367 1814 1403 nemo
1875 1351 2109 1419 effugere
2166 1354 2349 1419 potest
2402 1351 2458 1404 II
2512 1352 2630 1414 120,
2684 1354 2728 1404 1.

1659 1440 2013 1507 aequissimus
2051 1440 2210 1493 iudex
2247 1439 2274 1492 1
2312 1441 2432 1503 667,
2473 1442 2558 1494 25.
2616 1457 2726 1493 ma-

1657 1529 1828 1580 ximus
1879 1532 1934 1581 et
1981 1529 2333 1596 aequissimus
2380 1528 2556 1590 iudex,
2606 1545 2728 1597 spe-

1660 1616 1869 1669 culator
1897 1634 1958 1671 ac.
1985 1618 2143 1670 testis
2175 1617 2412 1669 omnium
2438 1617 2467 1669 I
2496 1618 2615 1680 548,
2643 1618 2725 1670 20.

1659 1738 1723 1744 ——
1767 1705 1831 1759 cf.
1857 1707 2108 1774 spiritus.

444 1800 536 1849 est
585 1795 720 1849 deus
768 1795 903 1848 caeli
949 1796 978 1848 Ι
1025 1796 1146 1859 665,
1190 1793 1235 1845 1.
1296 1793 1426 1845 (18118
1476 1794 1533 1844 et
1588 1794 1664 1847 dii
1686 1795 1931 1848 homines
1960 1795 2178 1848 fuerunt
2199 1799 2324 1864 post
2351 1798 2575 1848 mortem
2602 1812 2727 1848 con·

440 1884 710 1937 mundus:
743 1884 808 1937 cf.
830 1883 1078 1937 mundus
1112 1898 1249 1935 1111118
1280 1884 1364 1933 est
1383 1881 1529 1949 prin-

444 1990 577 2042 ceps
619 1976 676 2025 et
712 1973 863 2040 origo
904 1989 1080 2025 rerum
1120 1971 1251 2023 deus
1278 1970 1334 2022 II
1365 1972 1449 2035 97,
1481 1970 1527 2022 3.

445 2078 671 2131 praeses
724 2060 1080 2129 dominusque
1116 2057 1305 2112 mundi
1342 2058 1369 2110 I
1408 2059 1527 2120 670,

442 2152 536 2204 20.
576 2150 671 2203 ille
700 2166 837 2203 unus
865 2150 1129 2218 magister
1158 2152 1215 2202 et
1240 2149 1531 2216 imperator

444 2240 691 2293 omnium
748 2238 878 2292 deus
934 2237 961 2289 Ι
1018 2238 1140 2300 509,
1200 2238 1281 2290 16.
1344 2236 1529 2289 mundi

441 2330 611 2382 huius
653 2327 874 2381 effector
904 2330 959 2379 et
987 2326 1321 2395 gubernator
1349 2326 1376 2379 I
1403 2328 1526 2388 421,

443 2420 534 2471 26.
603 2418 795 2471 mundi
851 2417 1259 2471 administrator
1302 2419 1358 2471 H
1408 2419 1524 2479 118,

444 2509 534 2562 19.
587 2507 721 2561 (18118
760 2508 1076 2562 aedificator
1113 2508 1304 2561 artifex
1343 2511 1529 2561 auctor

444 2597 704 2650 conditor
742 2598 1071 2650 constitutor
1110 2596 1331 2650 effector
1362 2597 1528 2650 fabri-

444 2691 602 2738 cator
648 2686 823 2739 factor
873 2687 1156 2739 institutor
1190 2685 1529 2739 machinator

444 2773 631 2843 opifex
668 2791 861 2843 parens
900 2778 1076 2828 rector
1112 2792 1288 2828 rerum
1320 2774 1526 2839 (mundi

439 2864 607 2928 sim.):
626 2865 697 2930 cf.
709 2865 771 2917 in
782 2864 975 2917 Indice
985 2864 1131 2917 uerb.
1145 2864 1279 2917 haec
1297 2864 1527 2916 nomina

442 2958 497 3004 et
539 2957 762 3005 creator.
804 2952 953 3006 deus,
993 2953 1152 3006 deum
1189 2953 1379 3006 omnia
1410 2969 1527 3005 cum

440 3042 532 3093 in·
558 3041 813 3093 omnibus
862 3041 1246 3093 animantibus
1304 3047 1415 3093 tum
1465 3041 1527 3092 in

442 3129 666 3181 homine
720 3146 937 3182 summa
994 3147 1114 3182 cum
1159 3131 1525 3197 prouidentia

442 3219 796 3272 constituisse
829 3235 935 3286 per
980 3224 1154 3271 totum
1189 3219 1272 3271 De
1312 3219 1524 3286 opificio

444 3307 538 3359 dei
596 3307 799 3361 librum
856 3308 1278 3361 demonstratur.
1333 3338 1397 3346 -—
1459 3307 1523 3362 cf.

440 3395 625 3449 hom0.
667 3428 735 3435 —
791 3414 882 3450 cur
927 3396 1056 3450 (18118
1104 3396 1246 3449 mala
1292 3397 1527 3450 uoluerit

446 3501 591 3537 esse:
654 3486 721 3538 cf.
782 3486 999 3548 bonum,
1057 3486 1277 3539 malurn.
1331 3517 1392 3523 —-
1444 3486 1525 3538 De

444 3590 575 3626 uero
619 3574 769 3629 cultu
810 3573 950 3626 libe-r
997 3576 1085 3628 VI
1111 3575 1295 3628 Instit.
1326 3577 1523 3630 inscri-

436 3668 588 3730 ptae.
621 3661 753 3716 deus
786 3662 1015 3715 Saturno
1046 3669 1307 3732 regnante
1338 3667 1525 3734 utique

446 3751 733 3803 colebatur
765 3752 792 3804 Ι
818 3753 940 3814 413,
977 3753 1056 3804 18.
1087 3754 1208 3814 421,
1245 3755 1308 3806 18
1348 3772 1387 3808 8.
1431 3772 1523 3807 au-

443 3855 538 3890 reo
587 3840 802 3893 saeculo
850 3841 1095 3894 homines
1142 3842 1320 3895 nullos
1378 3843 1522 3906 (1808,

447 3927 545 3979 88(1
582 3945 750 3981 unum
781 3946 841 3982 ac
873 3930 1044 3982 solum
1074 3930 1230 3983 deum
1262 3937 1525 3985 nouerant

443 4017 470 4068 I
511 4018 633 4072 691.
677 4020 724 4070 7.
767 4018 979 4071 colendi
1018 4020 1105 4072 dei
1144 4020 1322 4088 gratia
1362 4021 1522 4073 homo

442 4108 608 4158 natus
646 4106 673 4159 1
711 4107 834 4170 201,
873 4109 906 4160 4
945 4125 1013 4160 ss.
1075 4109 1523 4176 quemadmodum

447 4194 581 4247 deus
624 4196 879 4249 colendus
920 4198 993 4249 sit
1020 4196 1047 4249 I
1075 4198 1197 4259 479,
1230 4198 1276 4249 8.
1316 4197 1370 4250 II
1405 4199 1519 4260 132,

451 4285 531 4336 12.
581 4284 796 4337 iustitia
845 4290 927 4339 est
973 4286 1088 4339 ueri
1139 4286 1225 4338 dei
1274 4288 1449 4339 cultus
1495 4287 1522 4338 I

447 4372 568 4436 730,
604 4373 684 4426 15.
726 4373 825 4426 (180
866 4375 995 4442 quid
1035 4375 1296 4429 debeatur
1331 4375 1357 4427 I
1397 4377 1518 4439 509,

1657 1884 1852 1937 secrati
1903 1884 1930 1935 I
1979 1884 2063 1946 29,
2106 1885 2331 1944 19-92,
2372 1885 2456 1936 21.
2497 1884 2604 1951 (56,
2646 1885 2727 1936 10.

1657 1974 1742 2035 57,
1788 1973 1832 2025 1.
1874 1971 1958 2035 58,
1999 1975 2031 2026 5
2059 1991 2098 2025 8.
2136 1974 2216 2025 11.
2257 1975 2341 2037 59,
2379 1972 2601 2026 11-18,
2642 1972 2726 2035 60,

1655 2064 1705 2115 4.
1747 2063 1833 2125 64,
1873 2061 1959 2114 20.
1999 2062 2085 2123 86,
2124 2062 2232 2126 22.)
2273 2063 2358 2124 99,
2403 2063 2484 2114 17.
2528 2062 2645 2125 103,
2676 2062 2725 2117 8.

1659 2152 1778 2215 173,
1826 2154 1873 2203 5.
1924 2153 1971 2203 9.
2032 2151 2151 2214 391,
2204 2152 2284 2203 12.
2337 2151 2418 2205 17.
2475 2149 2598 2214 407,
2640 2151 2724 2203 20.

1654 2242 1776 2303 464,
1826 2242 1908 2293 14.
1955 2241 2077 2302 465,
2118 2243 2167 2292 5.
2215 2239 2338 2298 483,
2379 2241 2426 2291 9.
2475 2241 2596 2300 627,
2636 2240 2722 2292 24.

1655 2329 1776 2391 680,
1826 2330 1911 2382 27.
1969 2329 2090 2391 681,
2137 2330 2184 2380 7.
2243 2330 2361 2390 699,
2401 2330 2451 2381 4.
2508 2328 2726 2380 fuerunt

1653 2420 1871 2473 maximi
1909 2436 2065 2487 reges
2099 2420 2126 2471 I
2155 2421 2240 2481 30,
2272 2420 2356 2472 21.
2398 2421 2483 2483 55,
2513 2418 2596 2470 15.
2638 2417 2723 2478 56,

1656 2512 1703 2563 9.
1735 2511 1818 2564 20.
1861 2511 1943 2573 57,
1980 2511 2060 2563 11.
2106 2510 2221 2571 162,
2259 2509 2339 2562 10.
2369 2508 2490 2570 681,
2525 2508 2570 2561 1.
2602 2507 2730 2568 696,

1657 2600 1704 2650 7.
1741 2598 1797 2650 II
1836 2600 1919 2661 96,
1957 2600 2000 2652 1.
2042 2596 2311 2665 quomodo
2349 2597 2409 2649 hi
2444 2597 2576 2649 facti
2614 2596 2725 2648 sint

1655 2686 1731 2739 dii
1769 2687 1796 2739 1
1833 2689 1919 2748 30,
1960 2688 2044 2740 21.
2092 2688 2178 2748 67,
2221 2687 2302 2739 12.
2353 2688 2436 2749 71,
2475 2687 2560 2740 23.
2601 2687 2721 2742 628,

1657 2776 1810 2828 1-3,
1869 2775 1934 2828 (18
1988 2774 2091 2827 diis
2136 2775 2350 2828 feminis
2398 2775 2722 2842 deorumque

1655 2864 1898 2916 conubiis
1950 2881 2085 2933 quae
2126 2865 2393 2926 dicuntur,
2432 2880 2561 2916 uera
2597 2864 2723 2915 sunt

1652 2953 1678 3006 I
1715 2954 1801 3015 40,
1842 2955 1926 3006 21.
1968 2955 2188 3007 deorum
2227 2969 2378 3006 sexus
2412 2953 2440 3005 1
2467 2953 2552 3016 61,
2587 2952 2720 3004 19—-

1653 3044 1738 3104 63,
1779 3043 1863 3095 22.
1904 3043 2062 3095 urbes
2102 3046 2157 3095 et
2195 3042 2383 3095 domus
2422 3040 2449 3093 I
2479 3041 2564 3103 63,
2593 3040 2642 3092 2.
2672 3042 2721 3093 5.

1650 3131 1813 3200 fugae
1862 3133 2085 3184 uulnera.
2127 3134 2328 3184 mortes
2373 3129 2518 3182 bella
2569 3127 2720 3182 adul-

1654 3222 1792 3272 teria
1827 3221 1854 3272 I
1894 3221 1978 3283 71,
2014 3223 2099 3275 24.
2140 3219 2407 3273 adulteria
2445 3222 2498 3270 et
2537 3221 2724 3285 stupra

1652 3309 2018 3385 exprimuntur
2062 3310 2117 3361 in
2163 3309 2391 3361 theatris
2436 3308 2464 3360 I
2510 3307 2632 3370 433,
2674 3307 2719 3358 1.

1653 3415 1936 3451 aerumnae
1971 3399 1999 3451 I
2037 3401 2121 3460 65,
2162 3399 2206 3451 1.
2248 3398 2323 3450 dii
2361 3397 2575 3466 quando
2617 3394 2723 3448 coli

1653 3488 1832 3554 coepti
1888 3489 1999 3540 sint
2052 3488 2079 3539 I
2125 3488 2210 3550 91,
2259 3487 2308 3539 6.
2357 3489 2442 3549 92,
2494 3487 2574 3537 15.
2631 3485 2715 3537 23.

1656 3577 1771 3641 149,
1820 3577 1869 3630 9.
1924 3578 2048 3640 415,
2107 3578 2188 3629 12.
2241 3577 2364 3638 419,
2405 3576 2452 3628 7.
2508 3574 2629 3636 690,
2668 3575 2716 3626 8.

1652 3666 1735 3718 23.
1777 3666 1898 3727 691,
1929 3666 1977 3717 3.
2018 3680 2178 3716 aureo
2219 3662 2433 3715 saeculo
2470 3662 2605 3714 nulli
2644 3661 2720 3714 dii

1652 3754 1968 3806 colebantur
2003 3752 2030 3804 Ι
2070 3753 2189 3814 691,
2227 3753 2273 3803 7.
2315 3752 2508 3818 quibus
2545 3753 2719 3804 causis

1652 3842 1866 3910 decepti
1892 3841 2138 3895 homines
2167 3840 2416 3909 primitus
2447 3840 2576 3892 deos
2604 3857 2719 3893 esse

1651 3931 1976 3985 crediderint
2002 3930 2029 3982 Ι
2059 3932 2142 3994 95,
2174 3931 2253 3984 11.
2296 3928 2514 3981 deorum
2543 3928 2719 3981 cultus

1653 4039 1683 4074 a
1739 4020 2089 4074 daemonibus
2148 4020 2368 4072 effectus
2423 4019 2452 4071 Ι
2504 4019 2618 4081 167,
2668 4021 2716 4073 9.

1650 4112 1769 4174 696,
1809 4113 1840 4164 5
1880 4128 1948 4164 88.
1999 4110 2118 4171 714,
2162 4110 2252 4170 12;
2307 4107 2373 4161 cf.
2414 4106 2717 4162 daemones,

1650 4199 1869 4252 deorum
1945 4198 2251 4266 opinionem
2315 4196 2719 4265 pulchritudine

1650 4305 1710 4340 ac
1755 4288 1929 4340 nitore
1979 4286 2380 4339 simulacrorum
2427 4286 2720 4338 sustentari

1647 4375 1674 4428 I
1730 4378 1847 4442 121,
1896 4377 2160 4439 25-122‚
2213 4376 2295 4428 20.
2355 4376 2478 4440 693,
2524 4375 2718 4428 4-10,
