3132 5043
565 434 810 500 XXXII
1185 427 1556 483 Addenda
1614 431 1689 481 et
1745 424 2251 494 Corrigenda.

568 643 619 696 p.
660 625 781 687 441,
820 623 870 677 8.
896 623 1037 676 <ita>
1063 639 1259 675 uanam
1305 621 1666 688 Kronenberg]
1709 637 1768 687 p.
1816 622 1950 681 100,
1997 618 2094 671 sed
2136 618 2216 670 ita
2257 633 2491 686 prorsus
2525 633 2862 685 superuaca-

711 730 873 766 neum
910 717 1001 765 est.

570 817 631 871 p.
670 801 802 869 464,
840 802 896 854 6.
926 815 1034 868 pro
1073 802 1184 851 tam
1224 799 1258 851 l.
1296 801 1496 850 tamen.

562 908 624 959 p.
654 890 776 953 496,
812 891 896 945 17.
923 885 1203 941 celerando
1219 902 1328 954 pro
1359 883 1678 938 celebrando
1715 884 1928 938 Gemoll
1952 901 2009 952 p.
2038 887 2127 951 18,
2155 883 2251 937 sed
2279 883 2346 951 ef.
2380 882 2570 935 adnot.
2599 888 2862 937 nostram.

572 994 634 1048 p.
672 978 802 1048 522,
840 978 896 1032 8.
926 993 1034 1046 pro
1072 977 1192 1045 ipsa
1231 976 1266 1031 l.
1304 976 1493 1044 ipsam.

566 1084 626 1136 p.
664 1068 786 1133 525,
826 1067 909 1120 20.
948 1064 1211 1118 Auctores
1254 1065 1341 1132 17]
1385 1064 1417 1116 l.
1459 1063 1526 1116 cf.
1566 1080 1689 1132 pag.
1730 1064 1852 1125 521,
1892 1064 1940 1117 7.

572 1174 624 1225 p.
666 1157 786 1218 563,
827 1156 861 1208 4
899 1155 1021 1208 adn.
1063 1171 1131 1206 cr.
1173 1152 1389 1205 ‘uitiant
1426 1152 1619 1219 recepi'
1657 1151 2002 1204 seribendmn
2036 1149 2220 1217 fuisse
2257 1154 2395 1203 recte
2430 1149 2646 1203 monuit
2684 1164 2869 1202 censor

715 1249 794 1312 ††,
832 1245 948 1312 ipse
985 1242 1262 1297 subiciunt
1288 1241 1554 1309 praefert.

573 1353 624 1404 p.
666 1335 786 1398 575,
825 1333 875 1387 2.
913 1349 1019 1384 non
1057 1330 1236 1383 minus
1274 1329 1600 1382 mirabiliter
1638 1329 1703 1382 do
1741 1327 2073 1381 conscientia
2110 1326 2256 1379 ideo
2287 1325 2498 1380 Tullius
2528 1326 2867 1379 ‘meminerit’

716 1422 897 1491 inquit
932 1435 1122 1474 censor
1156 1424 1237 1487 ††,
1274 1419 1433 1472 nobis
1467 1418 1799 1471 incredibile.

576 1529 628 1581 p.
669 1512 791 1574 596,
837 1512 887 1564 4.
942 1510 1060 1578 quis
1113 1509 1341 1576 nauigat
1375 1506 1564 1562 <hic>?
1614 1507 1702 1559 hic
1753 1506 1896 1575 ignis
1950 1509 2033 1559 est
2081 1506 2172 1559 uel
2220 1504 2348 1558 hic?
2399 1504 2542 1573 ignis
2581 1504 2752 1559 <iste>
2792 1509 2873 1557 est

721 1615 910 1653 censor
945 1603 1035 1666 ††:
1085 1597 1283 1666 quibus
1329 1596 1654 1650 coniecturis
1700 1610 1993 1650 consensus
2038 1593 2394 1648 membrorum
2443 1593 2549 1646 loci
2595 1592 2872 1657 turbatur,

721 1688 790 1755 cf.
830 1688 950 1740 hoc
990 1687 1197 1742 eaelum
1236 1689 1341 1739 est:
1378 1686 1498 1754 quis
1536 1684 1604 1737 id
1650 1682 1914 1753 suspicit?
1952 1685 2097 1736 terra
2142 1683 2330 1735 haee:
2371 1681 2490 1751 quis
2530 1699 2665 1735 eam
2707 1681 2871 1735 colit?

723 1818 735 1829 .
759 1776 935 1829 ..hic
972 1776 1115 1845 ignis
1155 1778 1262 1828 est:
1305 1775 1423 1844 quis
1463 1791 1533 1827 eo
1574 1772 1784 1829 utitur?

580 1883 627 1934 p.
685 1865 806 1929 596,
850 1867 898 1918 5.
954 1870 1076 1924 <ea>
1104 1880 1212 1932 pro
1252 1867 1509 1923 <cuncta>
1546 1877 1736 1915 censor
1784 1865 1876 1928 ††:
1926 1861 2024 1914 sed
2066 1876 2152 1913 res
2197 1860 2357 1913 modo
2403 1859 2732 1913 nominatae
2767 1875 2873 1928 pro

724 1954 981 2021 exemplis
1017 1952 1396 2006 tantummodo
1432 1956 1579 2017 sunt,
1609 1950 1807 2018 quibus
1844 1952 2037 2003 cuncta
2074 1949 2248 2017 (quod
2279 1948 2567 2002 indicatum
2595 1949 2712 2003 loco
2737 1949 2874 2016 Epi-

727 2047 904 2095 tomae
940 2043 1001 2095 in
1041 2040 1170 2095 adn.
1212 2041 1433 2107 adlato)
1476 2057 1514 2092 a
1550 2039 1650 2092 deo
1678 2044 1909 2107 propter
1945 2038 2215 2092 hominem
2250 2037 2512 2091 instituta
2550 2053 2661 2090 esse
2699 2043 2875 2091 osten-

727 2130 912 2194 datwr,
952 2130 1022 2197 cf.
1063 2130 1229 2183 etiam
1264 2129 1304 2199 ἕ
1340 2133 1411 2181 16
1451 2131 1529 2197 (p.
1587 2131 1723 2194 595,
1771 2132 2019 2196 21—24)
2071 2129 2313 2196 potestas
2359 2126 2612 2190 hominis,
2658 2128 2879 2196 propter

730 2234 887 2287 quem
937 2218 1195 2271 mundum
1246 2218 1422 2287 ipsum
1475 2221 1531 2271 et
1583 2218 1894 2270 uniuersa
1948 2232 2316 2287 quaecumque
2373 2218 2501 2268 sunt
2558 2213 2691 2268 deus
2749 2214 2878 2268 fecit

726 2310 1047 2376 tantumque
1084 2307 1167 2360 illi
1202 2306 1422 2359 honoris
1460 2306 1671 2368 habuit,
1710 2309 1774 2359 ut
1812 2322 1932 2358 eum
1969 2307 2284 2374 praeficeret
2321 2303 2680 2357 uniuersis,

582 2431 632 2483 p.
675 2415 796 2477 605,
837 2414 921 2467 21.
963 2429 1237 2483 quousque
1274 2418 1338 2466 ut
1368 2414 1638 2481 ylossema
1668 2412 1919 2481 proximi
1956 2414 2222 2480 quatenus
2260 2411 2400 2464 delet
2436 2409 2584 2472 Sittl,
2623 2409 2881 2463 Berliner

716 2502 915 2571 philol.
963 2501 1338 2556 Wochenschr.
1377 2504 1519 2555 1891
1544 2520 1605 2570 p.
1649 2505 1781 2556 335.

583 2652 645 2706 p.
693 2637 825 2704 (512,
874 2636 968 2690 11.
1017 2636 1093 2688 In
1132 2653 1330 2704 appar.
1371 2636 1488 2689 erit.
1529 2635 1811 2705 leyendum
1849 2640 1927 2688 est
1964 2634 2177 2688 ‘cadant
2214 2632 2311 2697 B1,
2350 2598 2542 2686 eadnit
2587 2609 2681 2694 B³‚
2737 2632 2883 2686 cadit

728 2724 991 2791 RSHP’‚·
1028 2724 1091 2776 in
1129 2730 1279 2778 textu
1318 2723 1480 2777 cadat
1507 2725 1828 2792 ponendum
1864 2729 1955 2777 est.

586 2832 638 2884 p.
680 2815 800 2876 627,
844 2814 924 2869 16.
967 2812 1112 2881 quod
1139 2829 1248 2881 pro
1289 2829 1393 2882 quo
1426 2812 1640 2865 Gemoll
1666 2829 1726 2880 p.
1756 2816 1842 2875 18,
1871 2828 1986 2864 non
2016 2817 2092 2864 est
2119 2812 2485 2865 necessarium
2515 2826 2585 2866 ae
2608 2813 2882 2866 sententia

732 2902 1070 2961 debilitatur.

588 3008 638 3059 p.
688 2990 808 3052 642,
858 2989 906 3042 2.
960 2989 1075 3043 Pro
1125 2989 1374 3052 ἐκπαίσας
1420 2989 1573 3043 Aem.
1624 2989 1832 3043 Hir-sch
1880 2989 2356 3058 Heidelberyensis
2390 2989 2582 3042 scribit
2618 2987 2879 3051 ἐκπαὺσας

730 3082 947 3131 secutus
993 3077 1422 3145 Ps.-Apuleium
1473 3093 1515 3130 e.
1569 3081 1649 3133 :26
1698 3078 1874 3146 iisque
1933 3077 2234 3145 (bellisque
2288 3078 2359 3130 E.
2416 3077 2627 3141 Rohde‚
2674 3076 2882 3131 Jenaer

730 3166 1261 3235 Litteraturzeituny
1298 3170 1452 3219 1876
1489 3183 1549 3234 p.
1597 3170 1717 3232 781,
1757 3164 2002 3236 πολέμοις
2043 3182 2133 3233 ap.
2163 3165 2495 3232 Hermetem)
2535 3183 2631 3235 per
2668 3165 2881 3219 diuersa

732 3255 853 3307 loca
890 3254 1161 3309 finiens

590 3362 642 3413 p.
683 3345 805 3408 653,
847 3344 928 3396 17.
958 3359 1068 3411 pro
1105 3344 1319 3397 restitui
1356 3344 1486 3410 fort.
1527 3343 1872 3397 scribendum
1911 3349 1987 3397 est
2022 3343 2303 3405 restituiri‚
2335 3361 2500 3411 quam
2531 3344 2608 3396 ad
2631 3344 2882 3411 formam

734 3433 803 3499 ef.
844 3431 1025 3484 Inclie.
1065 3448 1166 3486 rer.
1201 3449 1430 3501 yramm.
1461 3449 1521 3500 p.
1565 3435 1686 3486 398
1707 3449 1758 3486 a.

590 3539 641 3590 p.
684 3521 804 3583 682,
849 3521 929 3575 15.
978 3521 1155 3573 Mater
1205 3520 1405 3574 Idaea
1455 3525 1585 3589 (pro
1633 3522 1696 3590 ip
1715 3527 1802 3587 sa)
1852 3521 2214 3590 Kronenberg]
2239 3539 2300 3590 p.
2339 3525 2458 3584 101,
2497 3522 2594 3575 sed
2629 3522 2698 3589 ef.
2739 3522 2878 3575 Inst.

734 3610 775 3662 Ι
807 3612 893 3676 21,
931 3612 1017 3661 16.

590 3715 654 3767 p.
691 3698 821 3766 690,
864 3698 917 3751 1.
959 3699 995 3751 Ζ.
1034 3699 1242 3766 capella
1268 3716 1377 3766 pro
1418 3697 1658 3768 Capella.

591 3808 642 3859 p.
684 3787 805 3850 694,
845 3789 894 3840 6.
934 3787 987 3839 in
1044 3786 1256 3841 eosdem
1307 3788 1532 3856 laqueos
1583 3787 1790 3841 incidat
1844 3805 1962 3856 quo
2017 3791 2147 3856 (pro
2200 3793 2381 3855 quos)
2430 3788 2512 3840 illi
2548 3790 2761 3841 ueteres
2800 3788 2878 3840 in-

737 3874 984 3928 ciderunt
1024 3874 1235 3929 Gemoll
1261 3893 1320 3944 p.
1361 3880 1446 3939 18,
1485 3878 1582 3930 secl
1619 3878 1696 3930 ad
1734 3894 1866 3946 quos
1905 3877 1976 3943 ef.
2016 3877 2147 3930 adn.
2185 3881 2355 3930 nostr.

592 3967 647 4018 P.
687 3966 807 4026 697,
857 3966 904 4019 7.
953 3964 1108 4017 fieri?
1160 3981 1268 4016 non
1318 3965 1454 4030 (cod.
1512 3966 1562 4018 T
1607 3970 1695 4031 an)
1752 3965 1964 4020 Gemoll
1997 3983 2059 4033 p.
2108 3969 2195 4031 18,
2232 3965 2328 4019 sed
2354 3970 2614 4033 praestat
2651 3964 2887 4019 Dauisii

736 4052 1050 4105 coniectura
1091 4069 1151 4105 ac
1188 4069 1311 4108 non.

594 4158 645 4209 p.
687 4141 809 4204 705,
848 4142 915 4195 26
955 4141 1366 4196 immortalitate
1408 4141 1621 4196 Gemoll
1650 4160 1709 4210 p.
1748 4145 1837 4209 19,
1873 4142 2015 4196 idem
2051 4143 2168 4197 iam
2201 4143 2588 4200 HeumannuS.

593 4247 645 4298 p.
694 4230 813 4292 707,
863 4232 909 4283 7.
960 4232 1051 4299 qui
1101 4231 1307 4284 animas
1357 4230 1576 4299 quidem
1625 4231 1939 4284 inmortales
1990 4248 2122 4297 esse,
2170 4232 2227 4284 in
2274 4231 2381 4285 alia
2428 4234 2614 4284 tamen
2664 4247 2886 4300 corpora

742 4319 922 4372 <uult>
949 4319 1210 4387 pecudum
1254 4336 1442 4373 censor
1477 4317 1508 4370 λ
1536 4337 1598 4389 p.
1645 4324 1776 4373 463.
