3132 5043
567 457 708 520 408

646 646 875 699 amissae
931 644 1067 698 lucis
1124 644 1320 698 damna
1375 644 1651 715 reparabit
1696 645 1723 698 I

648 735 767 798 757,
811 735 891 788 16.

567 822 805 891 dapibus
844 824 1142 877 sacrificare
1180 823 1237 876 II
1272 824 1329 876 M
1370 824 1489 886 185,
1528 824 1579 876 5.

565 910 724 963 dare:
764 911 924 977 infin.
955 912 1072 977 sut.
1100 927 1256 979 pass,
1299 911 1496 964 datuiri
1533 911 1561 963 I
1601 912 1721 973 343,

647 1002 713 1053 14
753 1000 846 1068 (cf.
888 1001 1022 1054 adn.
1065 1002 1183 1053 crit.
1225 1007 1276 1053 et
1311 1001 1501 1054 hocin
1526 999 1725 1053 Indice

645 1090 1039 1157 ‘coniuyatio').
1067 1121 1128 1129 —
1162 1106 1217 1143 se
1244 1090 1598 1159 praecipitem
1630 1088 1721 1142 de-

645 1178 726 1231 dit
765 1177 830 1231 de
869 1179 1131 1232 tribunali
1160 1179 1213 1231 11
1242 1180 1297 1232 Μ
1327 1179 1447 1241 205,
1483 1179 1562 1232 18.
1597 1177 1722 1231 dare

637 1282 823 1318 curam
861 1265 919 1318 II
956 1263 1011 1317 Μ
1051 1266 1173 1330 211,
1205 1268 1252 1320 5.
1295 1265 1421 1320 dare
1461 1267 1721 1320 honorem

637 1354 818 1407 alicui
872 1353 901 1407 I
957 1356 1080 1417 696,
1137 1357 1186 1408 4.
1255 1356 1541 1409 simulacra
1606 1357 1720 1425 igni

642 1442 916 1497 dabuntur
977 1444 1006 1497 I
1070 1445 1196 1508 646,
1266 1446 1349 1498 11.
1417 1446 1721 1498 animantes

639 1532 845 1586 tutelae
884 1532 1118 1586 hominis
1149 1536 1312 1603 atque
1343 1534 1529 1587 usibus
1560 1534 1720 1587 datae

639 1624 773 1673 sunt
807 1622 834 1674 I
873 1623 993 1683 594,
1031 1624 1110 1676 19.
1150 1622 1266 1692 ipse
1307 1622 1586 1676 custodiae
1626 1621 1718 1675 ‹la-

639 1709 789 1762 bitur
843 1710 870 1762 I
936 1710 1056 1774 759,
1117 1714 1166 1765 6.
1223 1714 1286 1764 ut
1345 1712 1467 1777 (illi)
1527 1710 1722 1763 dentur

639 1797 710 1851 ad
767 1798 936 1851 uitam
990 1798 1209 1853 beatam
1264 1800 1291 1852 Ι
1346 1800 1467 1862 649,
1533 1800 1583 1852 8.
1652 1798 1721 1852 da

641 1884 912 1955 cupidum,
966 1888 1072 1940 iam
1125 1888 1229 1940 tibi
1282 1906 1402 1941 eum
1440 1888 1719 1942 liberalem

639 1973 780 2027 dabo
820 1975 910 2045 (=
950 1976 1142 2030 faciam
1167 1977 1198 2031 ,9
1234 1978 1303 2044 cf.
1346 1980 1376 2032 6
1417 1976 1661 2042 reddam)
1692 1976 1718 2027 I

632 2063 763 2127 260,
806 2065 852 2117 7.
893 2064 1019 2117 dare
1060 2080 1100 2117 c.
1140 2064 1301 2133 infin.
1344 2071 1446 2118 act.
1476 2065 1503 2117 Ι
1532 2067 1618 2128 69,
1653 2068 1718 2119 19

642 2152 973 2218 (hominibus
1010 2153 1066 2204 in
1096 2153 1345 2206 homines
1374 2154 1589 2206 saeuire
1612 2170 1718 2207 non

637 2239 898 2309 dabitur).
941 2240 1027 2304 98,
1064 2240 1145 2293 17.
1177 2240 1323 2309 (101,
1360 2242 1465 2312 17.)
1508 2244 1625 2306 146,
1669 2244 1715 2295 1.

638 2329 760 2391 639,
821 2332 902 2382 14.
959 2330 1015 2382 II
1076 2330 1156 2392 11,
1217 2330 1297 2383 16.
1348 2331 1430 2383 Ph
1473 2333 1591 2395 137,
1631 2333 1715 2386 34.

635 2433 680 2468 c.
739 2417 898 2486 infin.
949 2434 1102 2487 pass.
1163 2417 1358 2486 quibus
1398 2419 1463 2473 de
1502 2419 1593 2489 (=
1634 2427 1715 2485 ex)

638 2506 797 2560 rebus
873 2507 1120 2578 intellegi
1197 2508 1357 2563 datur
1421 2509 1448 2562 Ι
1515 2510 1600 2574 72,
1671 2510 1716 2562 1.

635 2597 756 2660 470,
798 2599 847 2649 2.

559 2685 824 2738 datiuus:
845 2687 1111 2754 proprius
1139 2687 1485 2755 precantibus
1509 2685 1716 2752 surdus,

638 2773 939 2826 colentibus
997 2792 1188 2828 caecus
1242 2776 1298 2828 ΙΙ
1357 2776 1440 2837 72,
1504 2777 1584 2838 17,
1635 2774 1713 2827 18.

636 2862 982 2928 precantibus
1033 2864 1240 2916 inmitis
1279 2865 1304 2917 I
1344 2865 1465 2918 746.
1511 2866 1591 2916 17.
1633 2865 1715 2916 fu-

633 2951 813 3020 gienti
869 2954 1082 3005 turbam
1121 2954 1357 3007 solitudo
1396 2954 1654 3006 laudatur
1692 2954 1714 3005 1

635 3040 757 3104 228,
817 3042 900 3095 20.
958 3071 1026 3080 -
1084 3044 1280 3096 localis
1335 3061 1440 3096 non
1498 3044 1716 3112 lapsura

637 3129 752 3181 solo
794 3147 953 3198 poma
989 3131 1045 3184 11
1081 3131 1163 3183 Ph
1207 3134 1323 3196 137,
1363 3134 1448 3186 30.
1495 3163 1554 3172 -
1598 3133 1711 3187 dat.

629 3219 903 3271 commodi
937 3221 1268 3274 incommodi
1302 3222 1460 3274 uobis
1498 3225 1713 3291 tempus

634 3323 856 3358 aureum
877 3312 1182 3361 reuertetur
1210 3310 1236 3362 I
1264 3312 1387 3375 421,
1416 3313 1494 3364 14.
1524 3312 1710 3364 nobis-

630 3376 747 3447 met
784 3396 918 3464 ipsis
955 3399 1224 3450 nascimur
1259 3399 1286 3451 1
1325 3400 1447 3463 604,
1491 3402 1573 3457 15.
1612 3401 1710 3453 ho—

631 3485 870 3537 minibus
915 3485 1198 3540 intercidit
1237 3489 1593 3542 communitas
1633 3491 1711 3542 ui-

630 3577 721 3626 tae
761 3574 786 3625 1
823 3575 945 3637 416,
982 3576 1061 3628 14.
1104 3577 1336 3628 Saturno
1377 3580 1711 3646 sexagenarii

1403 452 1642 505 Index
1700 453 2107 506 uerborum

1846 643 1875 697 Ι
1911 646 2034 705 447,
2074 646 2147 710 2).
2190 646 2312 698 alia
2338 645 2367 698 Ι
2393 646 2516 709 268,
2561 646 2640 700 13.
2678 647 2881 712 410,14.

1849 734 1969 791 748,
2012 734 2060 789 7.
2099 734 2155 786 ΙΙ
2196 735 2314 798 110,
2352 736 2403 787 4.
2446 763 2515 773 ——
2555 735 2667 787 dat.
2717 739 2881 806 eneryi-

1848 837 1943 874 cus
1980 822 2062 874 illi
2102 821 2445 875 aduersarius
2477 824 2713 891 exsurgit
2737 824 2880 888 1476,

1846 912 1881 963 4
1923 912 2012 977 (cf.
2054 911 2127 975 6).
2165 911 2287 965 sim.
2325 910 2354 964 I
2391 912 2477 975 67,
2513 910 2595 963 18.
2637 913 2877 966 constituit

1848 999 2031 1067 generi
2070 999 2344 1051 hominum
2383 1000 2707 1052 uexatricem
2741 999 2880 1057 1269.

1851 1088 1931 1141 12.
1951 1087 2347 1140 confessoribus
2370 1087 2757 1141 effodiebantur
2772 1091 2881 1142 oculi

1847 1192 1951 1242 eqs.
2010 1175 2085 1237 11,
2120 1176 2179 1227 M
2234 1176 2359 1241 215,
2421 1178 2504 1232 15.
2571 1178 2793 1230 nascitur
2844 1181 2880 1230 ei

1846 1264 1999 1317 ulcus
2035 1264 2092 1318 11
2128 1265 2186 1316 M
2225 1265 2346 1328 210,
2386 1264 2436 1317 8.
2476 1265 2654 1318 solent
2697 1267 2881 1319 mortuis

1845 1353 2059 1405 nomina
2104 1353 2363 1406 inmutari
2408 1352 2437 1406 1
2485 1353 2573 1417 82,
2625 1354 2703 1410 16.
2739 1355 2878 1407 libelli

1845 1441 1900 1492 in
1949 1458 2049 1493 usu
2097 1445 2226 1494 sunt
2274 1442 2525 1495 omnibus
2572 1442 2627 1495 II
2680 1443 2880 1506 125,11.

1845 1529 2041 1599 quibus
2081 1529 2269 1584 ciuiles
2309 1534 2461 1583 actus
2501 1530 2773 1584 admodum
2799 1533 2879 1584 rari

1845 1618 2051 1688 (erant)
2101 1619 2155 1672 II
2202 1619 2260 1672 M
2300 1620 2420 1682 180,
2467 1621 2548 1672 12.
2590 1621 2711 1673 αῖ·ιά
2741 1620 2766 1672 Ι
2798 1620 2879 1689 [48,

1849 1708 1955 1775 11.]
1994 1708 2080 1770 60,
2119 1708 2205 1763 21.
2249 1708 2368 1770 109,
2399 1709 2450 1760 4.
2478 1710 2599 1772 257,
2635 1710 2699 1761 14
2725 1725 2759 1761 s.
2786 1709 2880 1771 327,

1844 1797 1893 1849 9.
1936 1795 2056 1858 375,
2102 1797 2147 1849 1.
2186 1796 2311 1859 478,
2359 1798 2408 1851 4.
2462 1796 2585 1860 530,
2626 1799 2674 1852 6.
2712 1797 2812 1860 580,
2843 1799 2879 1849 5.

1845 1885 1964 1949 604,
2005 1886 2053 1937 6.
2093 1885 2215 1949 664,
2256 1886 2340 1941 22.
2381 1886 2502 1950 672,
2545 1887 2591 1939 1.
2630 1886 2681 1938 Π
2715 1885 2788 1948 38,
2813 1887 2877 1937 21.

1842 1975 1929 2037 46,
1991 1975 2072 2028 16.
2134 1976 2216 2039 79,
2268 1977 2315 2028 7.
2376 1976 2495 2039 110,
2552 1977 2603 2028 4.
2661 1991 2749 2027 suo
2797 1973 2877 2025 sibi

1843 2062 2026 2132 gladio
2046 2067 2278 2133 pereunt
2304 2064 2331 2116 I
2363 2065 2486 2128 267,
2517 2065 2550 2116 2
2583 2064 2672 2130 (cf.
2701 2063 2875 2115 Terent.

1841 2152 1950 2205 Ad.
1997 2152 2150 2221 958).
2192 2153 2283 2221 qui
2323 2151 2424 2206 deo
2476 2169 2574 2205 sua
2612 2151 2713 2204 sibi
2747 2166 2877 2220 opera

1844 2242 2222 2311 praetulerunt
2258 2241 2286 2293 Ι
2321 2242 2437 2304 115,
2472 2242 2555 2294 12.
2586 2243 2655 2309 cf.
2684 2255 2879 2293 crescere

1843 2330 1986 2382 uelle
2027 2330 2179 2398 (quid
2208 2330 2312 2383 sibi
2343 2329 2541 2397 uultP).
2571 2329 2682 2382 dat.
2711 2327 2879 2381 ethicus

1844 2422 1905 2471 tu
1945 2419 2077 2471 mihi
2114 2436 2210 2487 per
2248 2435 2433 2472 omnes
2473 2422 2654 2486 portas
2692 2418 2876 2469 circum·

1845 2510 2062 2562 curses‘?
2090 2509 2118 2562 Ι
2139 2510 2259 2572 526,
2291 2510 2377 2562 21.
2410 2507 2527 2561 dat.
2558 2505 2743 2572 finalis
2765 2503 2879 2557 malo

1844 2596 2057 2665 generis
2123 2596 2345 2649 humani
2412 2596 2469 2649 11
2527 2597 2581 2648 M
2645 2595 2757 2657 218,
2815 2594 2880 2645 17.

1844 2685 2042 2738 statuit
2113 2684 2409 2753 imperator
2472 2685 2728 2754 proelium
2794 2681 2880 2732 diei

1843 2773 2209 2826 Kalendarum
2247 2773 2302 2825 11
2340 2775 2397 2827 M
2427 2775 2550 2836 226,
2580 2775 2661 2826 27.
2690 2773 2752 2839 cf.
2780 2770 2880 2822 dare

1843 2863 2074 2914 tradere.
2125 2863 2239 2917 dat.
2279 2863 2704 2931 praedicatiuus
2751 2860 2880 2912 nobis

1845 2952 2033 3004 datum
2105 2955 2188 3003 est
2244 2953 2452 3005 caelum
2511 2950 2766 3004 stantibus
2813 2947 2878 2998 in—

1839 3041 2027 3093 tueriI
2048 3041 2130 3102 98,
2168 3042 2247 3094 17.
2279 3044 2347 3108 cf.
2381 3057 2674 3108 cognomen
2702 3053 2878 3090 nomeu.

1841 3130 1956 3183 dat.
1982 3131 2226 3183 auctoris
2254 3131 2448 3198 quibus
2468 3146 2575 3182 non
2607 3133 2684 3182 est
2709 3127 2879 3179 ueritas

1842 3219 2059 3287 cognita
2114 3219 2140 3271 I
2195 3220 2317 3281 484,
2381 3220 2462 3272 16.
2520 3218 2723 3271 iustitia
2778 3230 2878 3267 con-

1839 3310 2048 3376 tempta
2086 3307 2185 3360 deo
2225 3308 2251 3359 I
2287 3308 2413 3369 454,
2450 3308 2531 3360 12.
2570 3304 2878 3358 inexorabilis

1841 3397 1890 3449 ei
1945 3397 1971 3449 I
2031 3398 2148 3457 746,
2211 3398 2292 3450 17.
2352 3396 2673 3449 exsecrabile
2725 3393 2879 3462 generi

1837 3486 2068 3539 humano
2125 3485 2337 3538 facinus
2393 3485 2423 3537 Ι
2478 3485 2565 3547 80,
2616 3485 2692 3536 14.
2729 3512 2789 3522 —
2822 3478 2877 3546 ef.

1836 3574 2087 3628 accedere
2128 3574 2384 3627 decedere
2424 3591 2560 3628 esse.

627 3663 688 3713 in
729 3662 966 3715 'Iiberim
1007 3663 1382 3719 deiciebantur
1415 3667 1442 3718 I
1472 3667 1593 3730 688,
1623 3669 1707 3720 20.
1766 3661 1986 3716 dator-I
2030 3664 2147 3730 192,
2190 3666 2236 3718 7.
2274 3665 2398 3727 482,
2444 3665 2526 3717 14.
2577 3665 2715 3716 uitae
2750 3661 2774 3714 I
2807 3660 2875 3719 39,

628 3768 769 3819 quae
791 3751 927 3805 fiunt
953 3754 1114 3806 Matri
1135 3755 1366 3824 Magnae
1400 3761 1488 3822 (sc.
1518 3762 1705 3823 sacra)

630 3840 658 3892 Ι
695 3841 816 3904 689,
854 3844 904 3895 4.
963 3843 1032 3909 ef.
1092 3844 1371 3912 adquirere
1429 3845 1707 3898 adsumere

1835 3753 1882 3805 3.
1944 3751 2101 3804 dator
2158 3753 2306 3812 uitae
2365 3752 2499 3805 deus
2556 3752 2582 3805 I
2635 3751 2748 3814 379,
2809 3748 2875 3801 18.

1831 3841 1950 3894 sim.
1990 3842 2016 3893 I
2054 3843 2175 3905 297,
2218 3842 2307 3896 12.·
2339 3842 2394 3895 II
2439 3843 2555 3902 131.
2598 3841 2673 3893 10.

633 3930 960 3984 constituere
996 3932 1288 4002 depingere
1317 3940 1552 3987 mactare
1585 3953 1703 4004 pro·
1764 3929 1830 3982 de
1867 3931 2186 3999 saepissime
2224 3956 2290 3975 =
2332 3948 2419 3984 ex:
2453 3932 2524 3999 cf.
2556 3929 2765 3983 omnino
2787 3942 2876 3979 non

627 4018 854 4071 fundere
892 4038 1173 4089 prosecare
1213 4041 1443 4092 sperare.
1487 4054 1546 4064 -
1592 4023 1704 4077 dat.

627 4108 935 4162 iudicantis
970 4127 1125 4163 nemo
1168 4111 1265 4163 deo
1305 4129 1522 4181 pauper,
1555 4113 1706 4165 diues

631 4195 659 4247 I
696 4198 818 4259 447,
857 4199 905 4253 4.
949 4199 1045 4252 deo
1093 4199 1312 4254 humilis
1362 4205 1416 4253 et
1463 4202 1705 4254 abiectus

631 4285 657 4337 Ι
694 4287 816 4347 448,
858 4288 940 4340 20.
983 4290 1140 4341 nobis
1192 4291 1333 4343 serui
1371 4308 1477 4342 non
1517 4295 1644 4344 sunt
1682 4293 1705 4344 I

1835 4021 1899 4073 de
1937 4024 2141 4084 nostro,
2181 4021 2276 4073 sed
2317 4037 2378 4073 ex
2418 4020 2627 4073 illorum
2682 4031 2874 4069 numero

1837 4110 2073 4162 existunt
2122 4109 2212 4177 qui
2258 4109 2286 4161 I
2323 4111 2449 4173 472,
2495 4112 2540 4164 1.
2578 4109 2620 4161 si
2659 4124 2717 4160 ex
2751 4105 2875 4159 urbi-

1831 4201 1932 4253 bus
1992 4200 2301 4261 sustulerat,
2363 4198 2429 4252 de
2489 4201 2631 4255 caelo
2689 4212 2875 4268 quoque

1833 4290 2146 4342 sustulisset
2200 4289 2228 4341 Ι
2290 4294 2410 4355 113,
2472 4296 2518 4347 7.
2556 4296 2676 4346 item
2711 4292 2737 4345 I
2773 4290 2874 4350 740,

623 4372 752 4435 448,
797 4374 819 4425 1
866 4375 955 4440 (cf.
987 4393 1140 4429 nemo
1179 4376 1320 4446 apud
1362 4395 1480 4430 euin
1519 4383 1737 4449 seruus!
1836 4382 2204 4445 15-17.741,
2233 4382 2296 4435 13
2328 4399 2369 4435 s,
2400 4399 2560 4437 sensu
2585 4379 2876 4448 separatiuo
