3132 5043
1220 487 1424 540 liber
1472 504 1515 541 c.
1557 488 1642 540 32.
1686 487 1769 543 33.
2508 492 2631 553 211

1841 698 2164 744 cessere
2233 680 2636 763 magistri,

326 785 856 870 Phillyrides
946 784 1242 850 Chiron
1319 716 2087 868 Amythaoniusque
2166 789 2635 870 Melampus

327 893 616 975 undique
672 892 901 957 medici
950 892 1195 956 nobiles
1243 891 1608 956 trahuntur:
1658 893 1814 956 nihil
1862 893 2171 958 humanae
2220 914 2443 958 manus
2499 914 2639 977 p1·-o

324 1003 615 1064 mouent.
712 999 1079 1081 confugitur
1137 998 1217 1061 ad
1269 998 1468 1062 idola:
1535 999 1764 1082 Apollo
1833 1002 1898 1063 et
1956 1001 2293 1083 Asclepius
2360 1004 2636 1077 orantur,
2693 1007 2725 1059 5

250 1130 280 1170 5
324 1106 689 1169 remedium
743 1106 1089 1189 flagitatur.
1159 1105 1269 1169 dat
1314 1106 1543 1187 Apollo
1603 1125 1846 1171 curam:
1914 1108 2151 1170 malum
2201 1108 2404 1171 multo
2435 1109 2637 1189 ¹peius

325 1215 626 1295 augetur.
718 1212 846 1275 iam
903 1231 1023 1276 non
1076 1212 1267 1295 longe
1324 1211 1637 1293 pernicies
1696 1213 1912 1276 aberat
1969 1216 2032 1277 et
2084 1214 2381 1278 inferiora
2431 1215 2637 1278 omnia
2694 1220 2725 1272 6

325 1319 744 1399 corripuerat.
786 1320 1282 1400 conputrescunt
1320 1317 1674 1382 forinsecus
1713 1319 1961 1383 uiscera
2001 1314 2164 1384 et'in
2203 1321 2413 1384 tabem
2456 1321 2637 1385 sedes

321 1428 472 1489 tota
528 1425 851 1489 dilabitur.
921 1444 1043 1488 non
1104 1424 1403 1487 desinunt
1457 1429 1671 1488 tamen
1728 1426 2016 1489 infelices
2072 1426 2305 1490 medici
2349 1427 2454 1491 uel
2503 1428 2635 1492 sine

323 1550 446 1613 spe
488 1531 781 1595 uincendi
820 1530 972 1594 mali
1010 1531 1225 1595 fouere
1265 1550 1501 1595 curare.
1595 1551 2039 1614 repercussum
2079 1533 2367 1597 medellis
2397 1535 2636 1597 malum
2695 1540 2723 1591 7

221 1667 277 1706 ιο
318 1638 565 1703 recidit
610 1638 922 1703 introrsus
973 1642 1037 1702 et
1080 1638 1326 1701 interna
1373 1637 1871 1719 comprehendit,
1921 1658 2171 1702 uermes
2218 1639 2391 1704 intus
2432 1659 2638 1703 crean-

319 1748 457 1808 tur.
556 1745 709 1809 odor
770 1746 825 1808 it
887 1763 1010 1809 non
1077 1745 1263 1809 modo
1323 1763 1434 1827 per
1487 1745 1820 1827 palatium,
1879 1745 1990 1809 sed
2044 1747 2246 1809 totam
2309 1747 2636 1810 ciuitatem

316 1852 645 1933 peruadit.
692 1871 808 1915 nec
855 1853 1109 1928 mirum,
1158 1871 1304 1915 cum
1351 1852 1478 1915 iam
1529 1852 1780 1916 confusi
1828 1856 2042 1916 essent
2090 1852 2292 1916 exitus
2342 1855 2636 1918 stercoris

320 1961 397 2022 et
441 1959 683 2035 urinae.
778 1952 1101 2023 comestur
1139 1978 1174 2021 a
1210 1958 1535 2022 uermibus
1578 1962 1642 2021 et
1677 1958 1739 2021 in
1779 1957 2180 2040 putredinem
2221 1978 2448 2042 corpus
2491 1978 2635 2024 cum
2692 1966 2723 2018 8

317 2065 748 2129 intolerandis
800 2065 1125 2129 doloribus
1176 2065 1471 2128 soluitur.

221 2202 281 2243 15
521 2158 917 2236 clamores
978 2171 1222 2235 simul
1280 2171 1728 2235 horrendos
1787 2171 1876 2235 ad
1926 2171 2194 2235 sidera
2241 2172 2497 2250 tollit,

515 2278 802 2360 quales
864 2279 1255 2360 mugit11S‚
1320 2277 1542 2360 fugit
1604 2296 1776 2341 cum
1839 2277 2173 2341 saucius
2238 2298 2446 2341 aram

514 2387 824 2449 taurus

322 2493 812 2575 adponebantur
859 2492 937 2556 ad
987 2492 1202 2558 sedem
1251 2493 1551 2557 fluentem
1603 2497 1785 2558 cocta
1833 2496 1895 2558 et
1944 2493 2147 2558 calida
2202 2493 2513 2570 animalia,
2563 2495 2636 2557 ut
2690 2499 2722 2552 9

321 2601 722 2664 uermiculos
774 2599 1031 2664 eliceret
1078 2600 1264 2664 calor.
1317 2601 1459 2683 quis
1508 2601 1809 2665 resolutis
1847 2600 2310 2664 inaestimabile
2351 2602 2636 2664 scatebat

221 2740 280 2779 20
322 2727 592 2773 examen
633 2710 696 2770 et
732 2710 945 2770 tamen
992 2709 1195 2770 multo
1236 2708 1542 2771 maiorem
1581 2708 1828 2789 copiam
1866 2707 2390 2772 tabescendorum
2430 2708 2635 2770 uisce-

511 2863 714 2917 LOGI
743 2862 1202 2917 AVCTORVM
1232 2863 1845 2918 EXPILATORVM
1879 2862 2222 2918 SIMILES
2331 2865 2355 2917 1
2399 2864 2464 2933 s.]
2501 2864 2634 2917 Ver-

323 2953 426 3022 gil.
469 2951 667 3020 Georg.
706 2952 789 3004 111
827 2953 931 3005 549
972 2968 1012 3004 S.
1190 2952 1249 3004 11
1295 2969 1363 3005 ss,
1406 2970 1455 3022 p.
1497 2953 1619 3013 212,
1661 2955 1692 3006 5
1735 2969 1800 3006 ss,
1842 2969 1895 3021 p.
1926 2952 2048 3016 214,
2088 2955 2119 3005 5
2160 2952 2250 3022 ss]
2290 2952 2347 3005 II
2386 2952 2632 3006 Machab.

322 3044 381 3104 9,
424 3042 455 3095 9
497 3058 566 3096 ss,
612 3040 693 3093 13.
733 3041 817 3094 28.
934 3041 997 3094 15
1039 3043 1133 3109 ss]
1174 3040 1373 3110 Vergil.
1414 3040 1546 3094 Aen.
1589 3041 1644 3094 II
1681 3042 1786 3094 222
1826 3059 1894 3094 ss.

404 3167 436 3218 2
475 3163 751 3234 phillides.
793 3163 991 3216 cirona.
1031 3167 1316 3216 metomus.
1355 3163 1660 3233 melaphius
1706 3162 1763 3229 0,
1803 3180 1869 3216 ex
1917 3163 2115 3232 l'eryil.
2155 3179 2292 3217 corr.
2334 3164 2413 3217 ed.
2462 3163 2633 3217 Ooeon.

326 3256 494 3306 1680
620 3254 652 3306 3
693 3253 1089 3306 contrahuntur
1131 3253 1413 3306 Graeuius
1538 3256 1571 3306 5
1601 3261 1766 3315 <non>
1795 3252 1891 3305 dat
1933 3252 2090 3318 Gale,
2129 3258 2298 3321 negat
2333 3252 2638 3307 Heumann

329 3345 361 3396 7
406 3342 552 3395 sedis
600 3341 659 3408 C,
697 3357 831 3396 corr.
872 3341 991 3394 Bal
1098 3346 1130 3393 ¹2)
1168 3358 1542 3410 repercussum
1578 3341 1805 3394 medelis
1852 3341 2124 3407 Toinard,
2162 3343 2486 3410 repercussis
2525 3359 2635 3394 me·

328 3431 499 3484 dullis
547 3429 616 3496 C;
652 3431 979 3498 repercussis
1017 3430 1242 3483 medelis
1281 3430 1408 3483 Nic.
1450 3430 1736 3495 HeinsiuS,
1772 3431 2040 3499 percussis
2077 3430 2328 3483 medullis
2365 3430 2639 3484 Graeuins

332 3521 403 3573 10
442 3519 653 3573 recedit
695 3519 839 3573 Gale
997 3519 1384 3589 copraehendit
1429 3519 1476 3572 0
1584 3520 1645 3572 11
1689 3519 1822 3572 odor
1858 3520 1904 3572 it
1942 3519 2186 3583 Brandt,
2226 3519 2551 3572 odoritatem
2597 3519 2642 3571 Ο

327 3609 604 3675 (librario
650 3609 765 3660 iam
802 3609 1121 3676 proximum
1170 3609 1447 3661 ciuitatem
1496 3608 1953 3675 obuersabatur);
2011 3607 2143 3660 odor
2188 3610 2330 3661 teter
2387 3610 2514 3674 (om.
2563 3610 2633 3675 it)

327 3698 452 3751 Bal
500 3698 566 3750 in
612 3697 842 3751 Erratis
887 3698 968 3750 ed.
1008 3701 1177 3764 1679,
1226 3697 1405 3750 odoris
1455 3697 1647 3750 diritas
1692 3697 1911 3751 secund.
1953 3698 2100 3751 curis
2149 3714 2239 3764 ap.
2281 3698 2636 3764 Bauldrium,

328 3785 468 3838 odor
515 3789 698 3839 autem
747 3786 828 3839 ed.
875 3785 1048 3840 Oaeon.
1089 3790 1261 3852 1680,
1302 3786 1541 3839 odoritas
1587 3788 1733 3838 tetra
1777 3784 2038 3853 Capera-3,
2088 3785 2220 3838 odor
2256 3786 2334 3838 ita
2371 3789 2515 3838 teter
2551 3787 2640 3839 nel

328 3873 514 3926 odoris
551 3873 732 3925 foetor
768 3872 1079 3939 Columbae,
1120 3872 1251 3925 odor
1288 3874 1335 3925 it
1373 3877 1552 3926 autem
1582 3873 1707 3926 Nic.
1738 3873 2009 3926 Heinsius
2034 3873 2360 3927 Boleerellus
2388 3874 2462 3926 Is,
2502 3874 2635 3927 Vos·

327 3962 450 4014 sius
488 3962 609 4028 (sed
642 3960 733 4014 hic
768 3962 877 4014 ‘uel
912 3962 958 4013 is
998 3963 1224 4029 autem’)
1268 3961 1389 4028 alii,
1431 3961 1561 4014 odor
1597 3962 1705 4014 itat
1744 3961 1894 4028 (iam)
1937 3962 2152 4016 Schoell
2265 3964 2326 4017 13
2367 3967 2637 4016 comestur

331 4050 652 4116 Columbae,
677 4053 943 4103 comestus
971 4049 1038 4115 0,·
1061 4050 1246 4103 urinae
1278 4051 1500 4103 comesti
1532 4067 1562 4102 a
1592 4050 1868 4103 uermibus
1889 4051 2006 4104 Bal
2036 4052 2123 4116 (in
2142 4051 2394 4118 Erratis)
2475 4052 2541 4104 14
2560 4053 2638 4103 in-

328 4139 666 4193 toleffandis
700 4138 801 4206 (a?
831 4143 929 4206 er.)
969 4138 1015 4192 C
1088 4141 1152 4192 16
1193 4139 1366 4207 qualis
1415 4140 1612 4208 Veryil.
1725 4138 1871 4208 fugit
1909 4156 2026 4192 cum
2066 4141 2277 4193 saucius
2318 4157 2463 4193 aram
2511 4141 2640 4193 Ver-

324 4228 448 4295 qil„
483 4227 650 4294 fingit
689 4228 901 4280 saucius
948 4227 995 4279 0
1122 4227 1187 4279 18
1226 4227 1643 4296 apponebantur
1686 4227 1732 4280 0
1881 4228 1944 4280 19
1985 4228 2213 4297 eligeret
2252 4229 2309 4293 G,
2349 4245 2487 4282 corr.
2528 4230 2644 4282 Bal

334 4316 459 4385 quis
488 4332 600 4385 pro
634 4316 829 4384 quibus
867 4332 1048 4369 errore
1087 4316 1312 4369 librarii
1339 4321 1518 4370 ortum
1546 4315 1664 4368 nid.
1740 4316 1810 4370 20
1838 4315 2235 4369 tabescentium
2273 4316 2566 4370 Columbus
2595 4323 2646 4369 et

333 4406 458 4472 alii,
486 4404 586 4459 sed
615 4404 695 4457 ad
721 4404 1167 4458 tabescendorum
1194 4405 1264 4472 cf.
1296 4405 1447 4471 Sittl,
1474 4404 1704 4458 Archia.
1736 4405 1986 4474 leoee'coyr.
2018 4411 2067 4459 et
2091 4423 2319 4475 gyramm.
2344 4406 2441 4458 lat.
2465 4407 2507 4458 I
2525 4409 2644 4459 520
