3132 5043
2560 520 2689 582 333

1100 517 1481 569 nominum
1541 521 1614 569 et
1672 533 1936 571 rerum.

404 712 648 764 habeant
685 712 739 764 11
778 711 864 773 40,
905 711 953 765 9.
995 726 1087 762 cur
1125 708 1263 761 duae
1302 709 1357 762 11
1403 710 1489 763 34.

409 802 491 853 14.
545 800 875 868 spiramenta
922 798 1133 850 narium
1182 798 1237 850 II
1274 799 1362 860 41,
1406 799 1487 851 13.

402 888 615 940 narium
688 888 941 956 uoluptas
1004 886 1031 938 Ι
1096 886 1218 950 564,
1296 885 1485 939 1-20.

405 978 528 1040 740,
574 977 794 1030 16-20.

326 1066 572 1119 Narseus
620 1081 709 1118 rex
754 1065 1038 1117 Persarum
1092 1080 1123 1115 a
1160 1062 1486 1115 Maximiano

403 1152 670 1223 (Galerio)
749 1169 1035 1222 oppressus
1110 1151 1166 1203 11
1239 1151 1296 1203 M
1366 1151 1485 1211 183,

406 1244 600 1295 7-17,

324 1347 494 1383 nasus
534 1329 592 1382 ΙΙ
629 1330 715 1391 33,
754 1330 804 1383 9.
848 1330 929 1383 14.
975 1328 1199 1392 17—34,
1240 1330 1289 1381 5.

326 1422 487 1471 nates
527 1418 583 1471 Π
620 1420 707 1480 47,
750 1419 832 1472 17.

1618 708 1759 762 unde
1816 710 1969 762 illum
2029 709 2247 778 quidam
2304 710 2528 763 credunt
2581 727 2696 764 esse

1617 799 1939 851 translatum
1996 803 2052 852 et
2107 799 2290 851 uiuum
2346 802 2695 861 reseruatum,

1619 886 1828 955 Sibylla
1885 886 2097 941 dicente
2156 886 2511 940 ‘matricidam
2570 904 2694 956 pro-

1617 975 1804 1045 fugum
1855 994 1886 1029 a
1935 976 2131 1029 finibus
2176 980 2351 1029 terrae
2400 992 2515 1028 esse
2563 993 2694 1029 uen-

1616 1068 1831 1127 turum',
1871 1067 1930 1117 ut
1969 1065 2298 1118 nouissimus
2341 1066 2694 1134 persequatur

1618 1155 1674 1206 et
1709 1153 2032 1207 Antichristi
2068 1153 2357 1222 praecedat
2399 1151 2691 1205 aduentum

1614 1241 1783 1310 (quod
1828 1243 1980 1295 nefas
2030 1247 2113 1295 est
2160 1242 2397 1309 credere)
2443 1247 2500 1294 et
2536 1258 2691 1309 prae-

1617 1347 1797 1383 cursor
1835 1330 2040 1384 diaboli
2079 1332 2167 1394 sit,
2207 1330 2338 1384 ibid.
2382 1360 2444 1369 -
2488 1330 2608 1389 176,
2642 1330 2689 1381 3.

1612 1419 1979 1473 Neronianum
1996 1419 2298 1489 imperium,
2315 1418 2447 1471 ibid.
2469 1419 2587 1480 174,
2608 1418 2691 1470 13.

325 1508 556 1560 Nathan
593 1506 620 1558 I
658 1507 779 1570 322,
817 1507 868 1559 8.
911 1507 1040 1576 [10].
1541 1510 1694 1561 nerui
1732 1509 1790 1562 II
1828 1510 1913 1569 24,
1957 1509 2021 1562 12
2061 1526 2129 1561 ss,
2171 1509 2257 1569 32.
2300 1508 2382 1562 10.
2423 1508 2508 1569 37,
2550 1506 2597 1559 3.

324 1600 526 1648 natura
565 1595 693 1664 quid
733 1597 805 1649 sit
832 1596 859 1648 I
888 1597 1010 1659 264,
1043 1597 1108 1649 14
1138 1611 1206 1647 ss,
1236 1597 1481 1647 naturam
1540 1598 1747 1651 Nicaea
1784 1597 1849 1666 ΙΙ,
1877 1598 1932 1651 M
1971 1598 2091 1660 220,
2136 1598 2217 1650 11.

404 1701 522 1737 esse
580 1684 737 1737 deum
789 1684 816 1737 Ι
870 1686 988 1747 134,
1039 1686 1076 1736 4
1127 1701 1197 1737 ss.
1258 1684 1376 1746 140,
1435 1684 1481 1736 1.
1539 1684 1914 1738 Nicomediam
1932 1687 2310 1739 Diocletianus
2339 1684 2460 1737 urbi
2488 1684 2691 1737 Romae

400 1790 528 1825 num
577 1772 832 1826 mundum
884 1773 1124 1826 effecerit
1166 1772 1224 1826 ΙΙ
1270 1772 1357 1836 90,
1397 1773 1480 1826 21.
1611 1790 1906 1842 coaequare
1981 1773 2238 1826 studebat
2311 1773 2365 1827 11
2436 1772 2494 1825 M
2572 1774 2689 1835 181,

403 1862 579 1913 ueluti
615 1866 789 1915 mater
824 1878 1001 1915 rerum
1039 1862 1095 1915 11
1134 1862 1218 1924 91,
1263 1862 1344 1915 13.
1374 1878 1480 1913 non
1615 1864 1802 1917 1—11.
1862 1863 2059 1916 circum
2117 1878 2273 1930 quem
2328 1861 2406 1914 ibi
2470 1861 2689 1927 fecerat,

1611 1950 1859 2004 dedicare
1933 1950 2172 2013 uolebat,
2248 1948 2378 2002 ibid.
2454 1951 2572 2010 191,
2640 1948 2687 2000 8.

1611 2043 1759 2092 extra
1831 2040 2017 2092 urbem
2081 2040 2230 2092 locus
2297 2039 2440 2091 altus
2503 2038 2689 2105 ibique

1610 2130 1858 2182 columna
1924 2145 2042 2181 cum
2109 2127 2256 2179 Iouis
2323 2127 2496 2195 sign0,
2555 2126 2687 2179 ibid.

1609 2219 1729 2279 194,
1771 2218 1837 2270 23
1879 2234 1919 2269 s.
1961 2246 2026 2254 —
2067 2215 2199 2268 ibid.
2244 2217 2361 2279 191,
2401 2217 2450 2268 6.
2487 2216 2605 2279 192,
2637 2218 2685 2267 9.

1611 2308 1691 2359 13.
1741 2307 1862 2367 214,
1919 2306 1964 2357 1.
2006 2306 2054 2359 9.
2095 2304 2217 2367 228,
2255 2305 2307 2359 4.
2352 2305 2433 2357 11.
2474 2305 2594 2363 235,
2634 2308 2684 2357 9.

1533 2394 1692 2448 Nilus
1731 2393 1870 2446 unde
1912 2394 2114 2447 oriatur
2150 2393 2177 2445 I
2221 2394 2336 2454 196,
2377 2394 2461 2446 21.

1533 2482 1656 2537 Noe
1693 2482 1719 2535 I
1760 2483 1878 2547 160,
1922 2484 1986 2536 15
2027 2498 2094 2535 se.

1532 2588 1759 2625 nomen:
1798 2572 2018 2625 nomina
2053 2571 2328 2623 montibus
2367 2573 2463 2622 aut
2508 2570 2682 2622 flumi-

1605 2661 1763 2713 nibus
1812 2677 1873 2713 ex
1916 2660 2226 2712 hominibus
2272 2659 2362 2711 uel
2408 2659 2547 2711 uiuis
2595 2658 2684 2710 uel

1604 2750 1832 2803 mortuis
1873 2748 2002 2801 data
2039 2749 2066 2802 Ι
2103 2750 2190 2812 47,
2230 2750 2280 2803 3.
2310 2748 2452 2800 filius
2485 2746 2681 2816 dignus

1608 2839 1756 2892 cuius
1819 2854 2016 2891 nomen
2091 2838 2148 2890 in
2222 2840 2541 2907 perpetuum
2615 2835 2681 2888 de

1607 2928 1815 2981 familia
1863 2927 2110 2980 deleatur
2158 2928 2183 2979 I
2228 2928 2354 2986 461,
2405 2926 2450 2981 1.
2490 2942 2678 2978 seruus

1604 3017 1867 3070 liberatus
1932 3015 2145 3085 patroni
2217 3031 2413 3067 nomen
2486 3014 2684 3082 accipit

1604 3110 1881 3173 tamquam
1926 3105 2070 3158 filius
2116 3104 2143 3156 Ι
2190 3103 2313 3166 281,
2361 3103 2410 3155 3.
2464 3105 2681 3155 senatus

1607 3195 1963 3250 Constantino
2002 3194 2220 3246 titulum
2258 3192 2418 3261 primi
2450 3191 2681 3244 nominis

1607 3284 1846 3337 decreuit
1885 3286 1981 3349 (sc.
2021 3289 2084 3335 ut
2119 3283 2182 3334 in
2218 3282 2353 3334 serie
2398 3281 2681 3333 nominum

1604 3375 1982 3441 Auyustorum
2021 3372 2175 3424 illius
2212 3387 2409 3424 nomen
2437 3370 2680 3436 primum

400 1956 573 2003 mater
614 1952 826 2019 generis
854 1951 1093 2015 humani,
1126 1950 1221 2004 sed
1248 1966 1481 2003 nouerca

399 2038 454 2091 11
501 2040 583 2104 10,
626 2040 674 2093 8.

321 2127 483 2180 Naue
524 2129 550 2181 I
589 2128 711 2190 327,
752 2130 800 2181 9.

322 2233 433 2268 non
492 2217 751 2285 nauigare
805 2217 1008 2270 iustum
1065 2219 1091 2271 I
1146 2220 1268 2281 454,
1322 2220 1353 2272 3
1407 2235 1476 2272 ss,

398 2322 521 2357 cum
560 2290 842 2374 parricidis
882 2309 938 2359 et
972 2307 1293 2360 nocentibus
1321 2309 1475 2360 naui·

398 2410 529 2462 gare
569 2393 596 2445 Ι
634 2396 755 2457 455,
798 2395 878 2450 11.

320 2482 536 2537 Nauius
577 2483 642 2536 cf.
682 2483 864 2537 Attus.

321 2572 506 2624 Naxos
544 2572 571 2624 I
613 2574 720 2640 [4⁸2
762 2574 833 2641 7.]
876 2576 961 2638 56,
1005 2576 1090 2630 20.

320 2662 529 2713 nebula
567 2660 624 2713 II
660 2662 746 2725 88,
792 2663 875 2718 12.

322 2750 698 2803 necromantia
788 2751 1240 2820 (necyomantia):
1337 2754 1476 2806 ciere

395 2839 723 2890 carminibus
753 2839 818 2892 ab
850 2840 1035 2893 inferis
1066 2842 1272 2894 animas
1302 2843 1329 2895 Ι
1354 2843 1475 2904 388,

396 2930 447 2980 6.
497 2928 620 2990 627,
668 2929 716 2980 4.
768 2928 1088 2982 daemonum
1134 2931 1415 2985 inuentum
1452 2931 1479 2983 Ι

400 3017 523 3080 167,
564 3017 614 3072 2.
653 3017 773 3078 696,
817 3016 897 3069 18.

319 3104 575 3158 Nemesis
614 3104 641 3156 I
678 3106 763 3168 82,
807 3105 887 3160 18.

319 3194 614 3262 Neptunus
667 3194 911 3262 [Saturni
958 3195 1102 3248 filius
1153 3196 1179 3248 I
1232 3196 1316 3258 53,
1369 3190 1477 3256 25]

392 3283 557 3335 homo
596 3283 703 3337 fuit
739 3284 766 3336 Ι
803 3284 888 3346 60,
924 3286 972 3338 6.
1012 3301 1156 3338 mare
1198 3285 1247 3337 ei
1276 3285 1478 3353 obtigit

396 3372 418 3422 l
473 3372 561 3433 41,
618 3372 699 3425 14.
741 3373 826 3425 21.
867 3373 936 3425 24
975 3391 1014 3425 s.
1059 3374 1168 3441 [42‚
1213 3373 1313 3440 10.]
1354 3373 1476 3434 684,

394 3462 467 3512 24
527 3477 567 3513 s.
624 3477 769 3513 mare
824 3459 1140 3530 Neptunum
1199 3465 1397 3515 uocant
1451 3462 1478 3514 Ι
1604 3467 1781 3526 esset),
1822 3478 1978 3529 quem
2016 3461 2341 3514 Maximinus
2369 3458 2473 3510 sibi
2503 3456 2678 3509 uindi-

398 3549 519 3609 121,
562 3550 647 3604 23.
687 3549 971 3617 Neptunus
1021 3549 1164 3619 apud
1208 3551 1473 3603 Lucilium
1605 3551 1764 3604 cabat
1801 3550 1856 3604 II
1895 3550 1948 3602 M
1987 3551 2110 3617 224,
2153 3550 2234 3601 18.

394 3637 418 3689 Ι
471 3638 596 3700 444,
648 3639 695 3690 7.
745 3668 811 3676 -—
860 3638 887 3690 Ι
936 3639 1081 3706 [280,
1131 3640 1203 3708 6.]
1254 3641 1375 3700 388,
1427 3641 1472 3692 7.
1531 3639 1829 3692 Nouatiani
1870 3638 2174 3706 (haeretici)
2214 3638 2240 3689 I
2278 3637 2398 3697 396,
2439 3637 2486 3688 5.

395 3726 518 3786 677,
565 3727 645 3778 19.
1529 3744 1633 3780 nox
1670 3728 1696 3779 I
1740 3728 1855 3788 143,
1895 3728 1963 3780 22
2004 3744 2070 3779 ss.
2117 3729 2201 3778 est
2239 3726 2352 3778 eius
2393 3740 2550 3791 quem
2592 3722 2678 3775 dei

318 3814 468 3866 Nero
511 3830 630 3866 cum
666 3814 987 3883 imperabat,
1026 3816 1220 3869 Petrus
1249 3818 1473 3870 Romam
1603 3833 1717 3868 esse
1775 3816 2040 3868 aemulum
2097 3814 2322 3867 diximus
2373 3813 2400 3865 I
2455 3813 2572 3873 144,
2627 3812 2674 3864 3.

393 3904 550 3955 uenit
596 3902 653 3955 11
699 3903 754 3955 M
807 3905 923 3964 174,
966 3906 1049 3957 14.
1087 3905 1232 3958 Nero
1271 3907 1473 3975 primus

394 3992 636 4044 omniurn
722 3997 1033 4060 persecutus
1118 3994 1205 4047 dei
1293 4013 1474 4048 seruos

392 4081 618 4133 Petrum
651 4082 793 4134 cruci
819 4081 1023 4146 adfixit,
1044 4083 1272 4136 Paulum
1304 4085 1472 4137 inter·

396 4170 546 4228 fecit,
587 4168 642 4220 II
671 4170 728 4222 M
757 4172 878 4231 174,
911 4170 993 4226 18.
1026 4174 1143 4234 175,
1175 4174 1224 4226 6.
1255 4175 1475 4227 Petrum

396 4265 451 4310 et
508 4258 739 4310 Paulum
793 4260 1069 4313 interemit
1124 4262 1151 4314 Ι
1206 4262 1325 4323 368,
1392 4264 1473 4318 11.

1607 3905 1687 3957 13.
1727 3905 1983 3958 falsarum
2022 3902 2466 3970 superstitionum
2495 3900 2676 3967 imago

1601 3993 1628 4045 I
1670 3995 1785 4056 144,
1827 3994 1876 4046 6.
1915 4009 2016 4044 nox
2049 4007 2186 4059 quae
2214 4007 2245 4042 a
2273 3989 2430 4042 nobis
2458 3989 2678 4058 propter

1603 4083 1896 4135 aduentum
1935 4082 2079 4149 regis
2119 4097 2180 4133 ac
2219 4079 2306 4132 dei
2344 4078 2516 4130 nostri
2553 4092 2675 4144 per-

1602 4173 1793 4241 uigilio
1870 4171 2199 4224 celebratur:
2278 4167 2428 4221 cuius
2501 4165 2679 4217 noctis

1604 4261 1799 4330 duplex
1836 4261 1974 4314 ratio
2015 4263 2097 4314 est
2133 4258 2160 4310 Ι
2198 4260 2318 4321 645,
2358 4257 2389 4310 3
2429 4273 2496 4308 SS.

394 4346 640 4400 deiectus
686 4347 907 4417 fastigio
954 4350 1164 4418 imperii
1214 4367 1473 4420 nusquam
1532 4351 1702 4404 nubes
1740 4351 1797 4403 II
1835 4351 1919 4412 88,
1962 4351 2043 4402 14.
2088 4349 2203 4411 100,
2243 4348 2327 4409 20,

391 4440 621 4505 repente
670 4439 969 4505 comparuit
1015 4439 1070 4491 II
1115 4440 1169 4492 M
1224 4442 1341 4504 175,
1394 4442 1474 4496 10.
1532 4442 1712 4493 Numa
1759 4440 2060 4509 Pompilius
2114 4439 2343 4492 Sabinus
2393 4453 2481 4489 rex
2535 4429 2678 4499 apud
