3132 5043
460 463 596 525 336

1518 456 1756 510 Index

463 652 528 707 L.
598 651 865 706 Aemilius
922 652 1123 706 Paulus
1189 651 1333 722 apud
1397 651 1610 706 Cannas
1665 651 1824 719 pellis
1861 651 1918 704 II
1956 651 2042 712 24,
2084 652 2147 703 21
2191 667 2259 705 33.

537 742 742 794 occisus
778 741 805 794 Ι
846 742 963 803 171,
1003 744 1051 796 6.

463 829 531 885 L.
598 831 824 883 Aemilii
885 830 1042 883 Pauli
1116 830 1472 884 Macedonici
1545 829 1611 883 de

1665 741 1944 810 penatium
1963 741 2061 793 sub
2081 740 2296 793 nomine
2317 739 2601 792 daemones
2620 737 2784 792 domos

1737 833 2004 898 occupant
2039 829 2067 883 Ι
2103 829 2225 891 696,
2264 830 2314 882 3.

534 936 660 988 rege
697 920 859 972 Perse
898 920 1044 974 uicto
1083 920 1303 972 litterae
1342 919 1369 972 Ι
1400 921 1519 983 126,
1561 920 1609 975 7.
1666 917 1962 970 Pentadius
2011 917 2179 970 frater
2228 917 2255 969 I
2292 918 2413 978 675,
2454 916 2502 970 8.
2544 916 2785 1021 (680,17.

463 1008 679 1077 pauoris
719 1007 962 1061 adfectus
1000 1008 1055 1060 in
1096 1006 1253 1061 corde
1285 1007 1612 1060 constitutus

1681 1006 1860 1069 684,
1903 1007 1983 1060 17.
2026 1007 2147 1069 714,
2186 1008 2259 1070 4.)

534 1097 588 1150 ΙΙ
613 1098 699 1159 49,
723 1098 770 1149 7.
792 1096 970 1150 Pauor
990 1096 1275 1159 deus173,
1296 1096 1381 1150 21.
1412 1096 1532 1160 687,
1559 1097 1610 1150 2.
1667 1044 2009 1164 pentameter
2048 1094 2113 1147 cf
2153 1111 2358 1150 uersus.

464 1185 573 1238 Pax
613 1185 713 1238 dea
748 1184 776 1237 Ι
813 1186 934 1248 687,
975 1187 1022 1239 7.

1668 1183 1856 1236 Perilli
1894 1186 2082 1237 taurus
2118 1183 2145 1236 Ι
2183 1184 2305 1248 260,
2344 1184 2394 1236 9.

465 1277 762 1342 peccatum,
800 1278 1133 1343 peccatores:
1173 1277 1453 1344 peccatum
1504 1274 1611 1343 pri·
1669 1272 1959 1325 Perinthus
1998 1272 2054 1324 II
2091 1272 2145 1324 Μ
2183 1273 2304 1335 225,
2346 1271 2430 1326 20.

535 1379 679 1414 mum
736 1362 1026 1432 primorum
1080 1363 1359 1416 hominum
1411 1363 1438 1416 Ι
1492 1362 1611 1425 158,

536 1451 566 1503 7
607 1467 676 1503 ss.
716 1452 836 1515 694,
875 1453 923 1504 4.
966 1453 1078 1504 eius
1118 1469 1290 1521 poena
1317 1452 1344 1504 I
1376 1451 1493 1513 158,
1529 1451 1610 1505 16.

536 1539 656 1604 694,
701 1541 779 1593 19.
820 1540 962 1593 unde
992 1544 1217 1610 peccata
1245 1540 1313 1593 ad
1333 1540 1613 1593 hominem

539 1629 783 1681 uenerint
866 1628 923 1680 II
1012 1630 1131 1692 106,
1210 1629 1256 1682 1.
1331 1633 1614 1698 peccatum

537 1717 790 1785 pabulum
839 1718 1030 1771 mortis
1075 1718 1104 1771 Ι
1153 1717 1273 1780 377,
1329 1719 1376 1771 2.
1418 1720 1614 1770 natura

536 1806 772 1858 humana
808 1806 925 1859 uult
961 1824 1070 1859 non
1097 1806 1257 1860 modo
1288 1824 1405 1860 cum
1434 1808 1611 1870 uenia,

536 1893 632 1947 sed
681 1895 843 1947 etiam
891 1911 1009 1947 cum
1058 1895 1267 1947 ratione
1316 1911 1537 1964 peccare
1587 1895 1613 1948 1

535 1984 657 2044 373,
726 1986 808 2038 16.
879 1987 1220 2053 peccatorum
1295 2000 1470 2054 poena
1544 1984 1610 2038 cf.

537 2088 727 2141 poena.
766 2076 1108 2141 peccatorum
1146 2075 1306 2127 uenia
1343 2073 1370 2125 Ι
1409 2073 1528 2136 580,
1562 2076 1610 2127 5.

535 2161 873 2229 paenitentia
928 2165 1267 2229 peccatorum
1321 2163 1533 2215 sanatio
1586 2162 1613 2214 I

535 2251 656 2314 572,
707 2250 738 2302 3
779 2268 848 2304 33.
890 2251 1009 2314 749,
1051 2253 1097 2304 7.
1148 2251 1214 2304 cf.
1255 2253 1611 2320 paenitentia.

537 2369 602 2376 —
668 2356 776 2392 non
842 2340 972 2407 'quia
1035 2344 1258 2409 peccata
1321 2341 1613 2410 largitione

535 2426 815 2489 tolluntur,
871 2428 1032 2481 datur
1080 2428 1303 2482 licentia
1356 2431 1613 2498 peccandi

534 2515 559 2568 Ι
597 2516 719 2578 532,
762 2515 827 2570 14
866 2535 934 2572 33.
973 2518 1278 2587 ignoscitur
1314 2520 1381 2573 iis
1421 2521 1513 2589 qui
1545 2519 1614 2573 ad

534 2610 814 2674 peecatum
900 2607 1254 2676 inprudenter
1338 2609 1610 2673 labuntur,

537 2695 745 2748 ueniam
767 2713 875 2748 non
903 2696 1072 2749 habet
1103 2697 1193 2765 qui
1224 2699 1396 2751 sciens
1424 2702 1615 2767 peccat

536 2783 560 2834 Ι
599 2783 721 2844 532,
762 2785 847 2837 20.
898 2801 989 2836 cur
1042 2785 1132 2852 qui
1170 2789 1414 2853 peccant,
1452 2802 1613 2855 saepe

542 2870 724 2923 felices
764 2874 873 2924 sint
913 2871 966 2923 11
1004 2874 1123 2933 119,
1167 2873 1248 2925 14.
1287 2873 1445 2925 multi
1490 2890 1612 2942 pec-

537 2967 745 3012 catores
783 2960 914 3012 iusti
954 2960 1222 3028 posterius
1262 2960 1441 3014 effecti
1487 2965 1616 3014 sunt

536 3047 589 3099 11
631 3048 748 3110 120,
790 3049 871 3101 13.

464 3140 652 3206 pectus
700 3136 757 3188 II
803 3135 888 3200 25,
936 3138 983 3192 5.
1034 3137 1118 3199 37,
1167 3138 1397 3200 23-38,
1437 3140 1485 3192 9.
1530 3139 1611 3192 12.

535 3225 620 3287 46,
677 3225 754 3277 19.
806 3240 955 3277 mens
1004 3241 1130 3277 num
1178 3226 1235 3277 in
1284 3230 1502 3295 pectore
1542 3228 1616 3280 sit

537 3312 591 3364 11
643 3313 729 3376 52,
783 3314 830 3365 2.
889 3313 970 3366 14.
1024 3314 1110 3376 53,
1162 3315 1243 3368 18.
1297 3316 1375 3369 19.
1426 3319 1613 3384 pectus

535 3402 826 3454 humanum
858 3418 1043 3454 uerum
1073 3404 1335 3472 templum
1364 3404 1390 3456 I
1421 3406 1505 3470 75,
1526 3406 1612 3458 22.

466 3489 725 3558 pecudum
768 3492 963 3542 natura
998 3490 1054 3542 11
1097 3491 1179 3552 78,
1221 3490 1270 3544 8.
1315 3493 1394 3545 19.
1438 3494 1520 3552 79,
1562 3495 1611 3547 3.

538 3580 585 3631 7.
660 3578 741 3633 10.
810 3578 1020 3631 animae
1084 3578 1112 3631 Ι
1181 3580 1297 3641 157,
1366 3581 1414 3636 3.
1484 3581 1614 3649 quid

534 3667 753 3719 intersit
790 3667 934 3719 inter
970 3666 1241 3720 hominem
1280 3685 1343 3722 ac
1379 3670 1613 3738 pecudes

475 3774 497 3796 ο
541 3756 593 3808 ΙΙ
635 3757 718 3816 77,
761 3757 846 3809 22.
886 3756 971 3820 80,
1010 3758 1059 3811 4.
1099 3757 1184 3820 81,
1225 3758 1308 3813 20.

464 3846 693 3913 pecunia
739 3845 794 3897 in
845 3862 1059 3898 usuram
1106 3863 1212 3899 non
1251 3846 1430 3900 danda
1468 3850 1551 3901 est
1588 3850 1612 3901 1

537 3934 658 3994 547,
697 3934 782 3989 24.
825 3934 944 3995 744,
987 3935 1034 3986 1.

464 4019 628 4088 pedes
686 4020 827 4073 unde
884 4037 1080 4073 nomen
1132 4022 1371 4077 habeant
1421 4024 1474 4077 II
1531 4027 1611 4087 19,

539 4110 675 4160 7—9
717 4109 807 4173 (cf.
849 4109 970 4162 adn.
1005 4111 1115 4179 cr.).
1149 4128 1331 4165 eorum
1362 4129 1614 4167 numerus

539 4196 590 4248 ΙΙ
641 4198 722 4258 19,
781 4198 862 4251 10.
903 4200 987 4261 34,
1031 4200 1114 4255 10.
1153 4200 1304 4254 locus
1344 4201 1399 4254 II
1438 4204 1522 4265 25,
1565 4206 1612 4266 7,

537 4285 706 4337 forma
754 4286 808 4338 ΙΙ
855 4287 941 4348 47,
991 4289 1075 4342 22.
1126 4289 1210 4343 24.
1261 4307 1385 4342 usus
1434 4289 1489 4342 11
1532 4293 1613 4358 19,

539 4374 568 4424 7
611 4391 678 4426 33.
720 4375 805 4437 20,
850 4375 930 4427 10.
972 4377 1057 4440 32,
1100 4376 1183 4429 10.
1222 4379 1308 4441 47,
1347 4379 1431 4432 22.

1669 1361 2019 1431 Peripatetici
2067 1362 2132 1416 (13
2180 1361 2367 1419 schola
2411 1360 2650 1419 Platonis
2686 1375 2790 1427 pro·

1738 1451 2005 1504 fluxerunt
2039 1451 2095 1504 II
2133 1451 2220 1512 83,
2259 1453 2306 1505 5.
2345 1449 2661 1510 Aristoteles
2688 1464 2791 1500 cum

1739 1540 1849 1592 suis
1887 1538 2269 1609 Peripateticis
2301 1538 2367 1591 de
2398 1537 2498 1597 deo
2527 1536 2583 1600 11
2611 1538 2689 1599 97,
2718 1536 2792 1588 19.

1738 1628 2092 1697 Peripatetici
2137 1627 2407 1685 mundum
2471 1625 2795 1696 prouidentia

1743 1717 1992 1770 eflectum
2033 1733 2148 1770 esse
2189 1715 2386 1770 docent
2422 1715 2451 1769 I
2481 1715 2600 1779 138,
2633 1716 2707 1767 12.
2734 1713 2793 1765 (13

1741 1822 1947 1858 summo
1996 1805 2137 1859 bono
2184 1805 2211 1858 Ι
2262 1806 2381 1868 191,
2432 1806 2514 1860 10.
2557 1805 2672 1866 194,
2709 1801 2793 1869 (5).

1675 1948 1678 1951 .
1740 1895 1824 1950 23.
1875 1895 1994 1958 702,
2039 1895 2123 1948 23.
2175 1894 2239 1946 de
2289 1893 2591 1947 adfectibus
2626 1891 2653 1943 Ι
2689 1891 2795 1950 536,

1740 1985 1790 2036 9.
1830 1984 1951 2045 539,
1991 1983 2257 2045 23-541,
2302 1983 2384 2036 16.
2424 1983 2544 2044 542,
2574 1980 2657 2033 21.
2688 1979 2796 2041 553,

1739 2073 1789 2125 9.
1832 2071 1952 2136 738,
1994 2072 2078 2125 13.
2119 2070 2184 2124 de
2222 2071 2302 2123 ira
2338 2070 2394 2123 11
2431 2070 2551 2133 112,
2594 2070 2673 2122 14.

1668 2160 1865 2213 Persae
1912 2159 2157 2227 regimen
2201 2159 2511 2212 habuerunt
2554 2161 2797 2211 terrarum

1738 2248 1766 2301 Ι
1812 2249 1934 2310 633,
1983 2250 2032 2301 2.
2083 2266 2266 2302 eorum
2314 2249 2450 2302 ritus
2501 2247 2530 2301 I
2569 2248 2684 2307 277,
2723 2246 2796 2298 16.

1742 2338 1937 2406 [prima
1993 2338 2202 2407 Sibylla
2260 2338 2324 2391 de
2380 2337 2560 2390 Persis
2619 2335 2717 2387 fuit
2773 2334 2798 2385 I

1740 2427 1825 2490 21,
1856 2427 1904 2480 3.
1936 2427 2060 2490 679,
2090 2428 2198 2496 24.]
2233 2443 2265 2479 a
2290 2426 2471 2479 Persis
2498 2424 2798 2478 Valerianus

1741 2518 1930 2584 captus
1965 2514 2021 2569 Π
2057 2516 2114 2569 Μ
2156 2516 2273 2580 178,
2307 2517 2390 2570 15.
2415 2532 2506 2569 rex
2533 2515 2799 2568 Persarum

1743 2606 1928 2674 Sapor,
1966 2605 2098 2662 ibid.
2131 2606 2249 2671 178,
2282 2607 2363 2659 17.
2398 2604 2653 2664 Narseus,
2679 2600 2798 2655 ibid.

1742 2695 1860 2757 183,
1884 2696 1931 2748 7.
1951 2695 2147 2747 Persae
2170 2694 2536 2748 aMaximiano
2556 2690 2799 2762 (Galerio)

1740 2784 1892 2845 uicti,
1931 2782 2062 2839 ibid.
2106 2784 2223 2847 183,
2264 2786 2293 2837 7
2334 2800 2405 2836 33.
2448 2784 2567 2845 197,
2611 2782 2689 2834 16.

1670 2872 1974 2941 persecutio
2069 2871 2522 2926 Christianorum:
2616 2867 2801 2922 descri-

1740 2961 1942 3014 buntur
2028 2962 2432 3030 persecutiones
2519 2959 2655 3012 libro
2727 2956 2802 3008 De

1740 3049 2005 3102 mortibus
2026 3053 2424 3118 persecutorum
2443 3048 2500 3101 II
2525 3048 2583 3100 M
2612 3047 2711 3101 169
2740 3062 2802 3097 ss.

1742 3155 1879 3207 quae
1928 3155 2120 3191 causae
2168 3138 2279 3191 sint
2319 3138 2746 3207 persecutionum
2780 3134 2805 3185 I

1740 3230 1862 3292 425,
1927 3228 1961 3281 8
2025 3245 2096 3280 33.
2162 3227 2284 3289 433,
2351 3228 2400 3280 9.
2460 3242 2597 3294 quae
2652 3240 2805 3292 saepe

1742 3334 1902 3370 causa
1965 3317 2255 3385 praecipua
2309 3315 2577 3368 iustitiam
2633 3330 2805 3382 perse-

1743 3405 1942 3474 quendi
2031 3406 2186 3458 malis
2258 3404 2479 3473 regibus
2553 3403 2719 3455 fuerit
2785 3401 2808 3453 I

1742 3494 1863 3555 385,
1912 3497 1961 3548 5.
2013 3494 2133 3555 386,
2183 3496 2232 3548 6.
2281 3492 2687 3562 persecutiones
2722 3507 2811 3560 per

1741 3582 2030 3635 daemonas
2079 3581 2300 3634 effectae
2346 3583 2375 3636 Ι
2422 3582 2546 3644 461,
2596 3583 2680 3634 15.
2729 3580 2807 3632 20.

1738 3670 1862 3734 471,
1902 3671 2094 3726 4-20.
2153 3671 2498 3723 Domitianus
2554 3670 2809 3722 instinctu

1741 3759 2057 3812 daemonum
2082 3758 2149 3812 ad
2168 3758 2597 3829 persequendum
2613 3758 2809 3811 iustum

1740 3848 1997 3918 populum
2053 3848 2312 3910 incitatus
2364 3848 2423 3901 ΙΙ
2476 3848 2533 3901 Μ
2590 3848 2710 3911 177,
2766 3847 2810 3899 3.

1739 3938 2044 4006 persecutio
2104 3936 2478 4006 (Diocletiani)
2541 3952 2635 4004 per
2703 3936 2809 3987 dia-

1740 4027 1924 4079 bolum
1964 4029 2114 4079 mota
2150 4026 2206 4078 II
2243 4028 2291 4090 5,
2332 4026 2380 4078 6.
2414 4042 2507 4077 cur
2537 4025 2667 4077 deus
2698 4041 2810 4093 per-

1742 4115 2046 4168 secutiones
2120 4116 2234 4169 fieri
2298 4114 2541 4183 patiatur
2603 4112 2630 4164 Ι
2694 4114 2811 4173 471,

1740 4203 2005 4267 20-477,
2067 4205 2147 4258 16.
2204 4202 2364 4256 initia
2426 4201 2815 4271 persecutionis

1744 4291 2194 4356 (Diocletianeae)
2226 4291 2253 4343 I
2272 4292 2395 4355 403,
2419 4291 2501 4344 15.
2524 4289 2814 4343 crudelitas

1741 4380 2170 4448 persecutionum
2219 4380 2245 4432 Ι
2289 4379 2411 4440 424,
2465 4379 2734 4440 12-425,
2770 4380 2814 4434 8.
