3132 5043
1085 451 1463 504 nominum
1521 453 1596 504 et
1651 468 1913 505 rerum.

377 643 480 697 sed
520 642 942 697 oblectationem
982 644 1175 711 petunt
1203 641 1230 694 Ι
1260 643 1382 705 225,
1414 642 1462 694 8.

378 733 505 796 226,
557 734 605 785 2.
660 731 729 785 ad
777 747 970 800 corpus
1008 730 1249 783 referunt
1288 730 1466 783 omnia

381 838 483 874 nec
548 821 739 874 uident
803 819 1033 889 amplius
1098 836 1256 888 quam
1322 819 1466 888 quod

379 911 483 963 sub
527 908 711 963 oculos
750 910 905 962 uenit
943 909 969 961 I
1008 909 1130 973 200,
1173 910 1253 962 17.
1285 908 1462 977 philo·

380 1000 542 1068 sophi
566 1002 621 1053 et
640 998 843 1052 ueritas
866 996 931 1054 cf.
954 998 1172 1053 ueritas.
1191 998 1463 1066 sapientes

374 1107 490 1143 non
530 1089 751 1142 fuerunt
788 1087 815 1141 I
859 1089 977 1149 185,
1019 1089 1067 1141 5.
1107 1087 1229 1151 264,
1259 1089 1307 1139 5.
1340 1087 1460 1149 265,

378 1180 467 1232 20.
531 1179 651 1235 505.
709 1180 759 1231 2.
817 1179 865 1231 9.
918 1177 1062 1230 caeci
1115 1179 1279 1244 atque
1330 1175 1461 1227 insi-

378 1269 594 1337 pientes
646 1267 673 1320 Ι
728 1268 844 1328 199,
896 1267 978 1319 12.
1025 1264 1165 1318 nihil
1212 1264 1390 1317 sciunt
1435 1264 1461 1316 I

376 1359 505 1419 547,
557 1358 604 1410 1.
656 1356 869 1409 etiamsi
917 1357 1111 1407 natura
1157 1353 1268 1405 sint
1312 1352 1458 1416 boni,

373 1451 566 1498 tamen
604 1444 742 1498 nihil
779 1445 972 1507 sciunt,
1012 1442 1151 1495 nihil
1189 1442 1407 1512 sapiunt
1434 1442 1461 1495 Ι

378 1536 505 1597 512,
547 1538 596 1588 5.
627 1533 766 1586 nihil
796 1533 929 1586 certi
959 1531 1209 1585 adferunt
1237 1531 1264 1584 Ι
1292 1535 1342 1590 4.
1375 1532 1456 1584 11.

372 1625 488 1692 ipsi
526 1623 889 1691 ignorantiam
927 1621 1255 1675 confitentur
1281 1620 1308 1673 Ι
1339 1621 1456 1684 179,

384 1714 469 1765 16.
491 1712 820 1764 induxerunt
840 1711 1019 1779 potius
1041 1727 1269 1763 errorem
1300 1726 1458 1779 quam

374 1802 718 1854 sustulerunt
770 1800 825 1853 ΙΙ
881 1801 965 1861 63,
1033 1800 1118 1856 20.
1184 1799 1455 1852 existima-

375 1895 577 1943 uerunt
626 1892 871 1942 naturam
922 1905 1096 1941 rerum
1151 1905 1308 1957 posse
1366 1887 1457 1940 de-

373 1978 644 2048 prehendi
697 1978 753 2031 11
810 1977 894 2039 68,
949 1978 1000 2032 4.
1060 1993 1176 2030 eam
1231 1977 1459 2029 maxima

374 2068 691 2121 temeritate
775 2068 1083 2120 scrutantur
1154 2065 1209 2118 11
1285 2067 1333 2125 7,
1409 2066 1458 2118 3.

377 2156 544 2209 deum
592 2173 701 2209 non
750 2157 1087 2223 agnouerunt
1131 2154 1158 2207 Ι
1206 2155 1325 2216 730,
1377 2155 1458 2207 19.

380 2244 661 2298 doctrinae
719 2244 808 2297 dei
863 2246 1107 2313 expertes
1162 2244 1219 2296 II
1270 2244 1355 2303 68,
1408 2244 1460 2305 4,

378 2334 590 2387 cultum
622 2334 734 2386 eius
762 2334 1019 2402 legesque
1039 2350 1148 2385 non
1169 2335 1464 2386 tenuerunt

379 2422 408 2476 Ι
438 2423 561 2485 730,
594 2423 678 2475 20.
720 2421 968 2475 nonnulli
996 2425 1328 2490 putauerunt
1355 2438 1463 2473 non

375 2511 542 2565 irasci
599 2511 756 2566 deum
811 2511 868 2566 II
923 2512 1006 2575 67,
1075 2513 1124 2565 5.
1192 2510 1311 2571 128,
1379 2510 1461 2564 10.

379 2591 691 2655 nescierunt
741 2602 1004 2655 rationem
1059 2601 1171 2653 irae
1226 2599 1281 2652 ΙΙ
1343 2600 1461 2661 112,

382 2693 466 2746 16.
517 2692 907 2759 ignorauerunt
952 2690 1219 2743 iustitiam
1267 2688 1294 2741 Ι
1339 2688 1461 2752 445,

385 2780 652 2842 11-449,
713 2779 795 2834 11.
863 2778 984 2839 730,
1056 2779 1136 2831 19.
1202 2778 1463 2830 uirtutem

379 2885 489 2921 non
504 2871 651 2921 recte
669 2866 993 2920 definierunt
1006 2867 1032 2919 I
1052 2868 1173 2929 495,
1199 2867 1461 2928 17-507,

379 2959 431 3010 9.
489 2974 583 3010 cur
633 2973 818 3009 uerum
868 2955 1072 3008 bonum
1118 2972 1226 3008 non
1272 2971 1462 3024 reppe-

381 3046 576 3098 rierint
613 3045 639 3097 Ι
678 3046 799 3109 447,
844 3045 925 3098 18.
967 3044 1097 3113 quid
1146 3044 1218 3097 sit
1262 3043 1464 3096 bonum

384 3140 439 3187 et
494 3135 698 3187 malum
752 3135 1065 3187 nescierunt
1117 3132 1144 3185 Ι
1198 3132 1319 3196 498,
1376 3133 1461 3186 20.

381 3223 529 3276 uiam
580 3222 734 3274 uitae
779 3240 885 3275 non
934 3221 1223 3274 inueniunt
1266 3220 1295 3274 Ι
1342 3222 1461 3284 507,

378 3313 414 3365 9
453 3328 524 3363 88.
565 3310 691 3374 587,
730 3311 813 3363 21.
845 3310 1112 3363 rationem
1141 3310 1327 3362 mundi
1355 3326 1463 3362 non

383 3397 894 3467 conprehenderunt
941 3397 968 3450 Ι
1007 3398 1128 3461 586,
1169 3401 1218 3452 5.
1256 3399 1463 3452 nescie-

381 3492 508 3540 runt
558 3502 724 3556 quare
764 3486 894 3539 deus
932 3486 1206 3539 hominem
1244 3487 1465 3540 fecisset

380 3577 411 3629 Ι
474 3577 597 3642 596,
666 3576 731 3628 12
797 3592 868 3630 88.
942 3576 1100 3628 multi
1173 3576 1463 3645 religiones

382 3663 721 3717 sustulerunt
784 3664 811 3717 Ι
873 3666 991 3728 107,
1067 3666 1146 3718 11.
1213 3666 1463 3718 fortunae

384 3770 564 3807 sexum
617 3755 833 3806 mutant
879 3770 1102 3822 eamque
1153 3771 1260 3806 non
1308 3754 1464 3807 (leam

383 3843 525 3895 sicut
560 3841 777 3910 uulgus,
818 3841 913 3895 sed
943 3842 1099 3895 deum
1131 3859 1248 3896 esse
1279 3842 1466 3895 dicunt

382 3930 413 3982 Ι
438 3930 558 3994 267,
583 3930 666 3983 20.
689 3929 1109 3982 misericordiam
1129 3931 1465 3983 sustulerunt

2538 457 2668 521 339

1591 640 1618 694 Ι
1671 643 1789 707 183,
1841 644 1926 700 21.
1981 644 2392 713 uaniloquentia
2441 645 2498 699 II
2548 648 2667 710 130,

1593 732 1678 786 12.
1727 730 1937 785 desidia
1982 735 2009 788 Ι
2055 734 2178 798 224,
2233 735 2315 788 16.
2356 751 2448 789 cur
2486 752 2669 791 eorum

1590 821 1896 890 praeceptis
1971 837 2126 874 nemo
2201 826 2391 891 pareat
2454 823 2481 876 Ι
2546 826 2667 888 261,

1591 911 1622 963 9
1688 927 1758 965 88.
1834 910 1956 973 371,
2032 910 2116 964 28.
2195 928 2256 964 ex
2330 912 2667 982 philosophis

1587 1016 1806 1068 perraro
1872 998 1978 1051 fuit
2042 1000 2136 1068 qui
2201 1000 2408 1068 aliquid
2473 1001 2666 1055 fecerit

1585 1086 1750 1140 laude
1801 1087 2023 1156 dignum
2062 1088 2089 1141 Ι
2126 1090 2249 1153 221,
2291 1090 2358 1142 14
2394 1107 2464 1145 88.
2504 1090 2667 1142 multi

1589 1178 1748 1230 aliter
1796 1193 1954 1246 quam
2004 1176 2372 1246 loquebantur
2418 1179 2669 1232 uixerunt

1587 1266 1614 1319 Ι
1667 1267 1784 1330 197,
1835 1267 1882 1319 7.
1933 1267 2054 1331 225,
2100 1268 2151 1322 4.
2201 1267 2251 1323 9.
2301 1283 2482 1320 eorum
2522 1266 2670 1320 dicta

1587 1354 1840 1422 factaque
1922 1355 2365 1424 perstringuntur
2436 1354 2463 1408 I
2537 1357 2666 1420 228,

1586 1444 1815 1506 8-267,
1884 1443 1967 1497 15.
2044 1445 2164 1507 706,
2244 1445 2506 1507 10-711,
2582 1446 2666 1498 23.

1587 1531 1807 1601 quidam
1872 1549 1929 1584 se
1986 1530 2296 1603 despiciunt
2349 1533 2378 1587 Ι
2434 1536 2518 1597 95,
2581 1535 2664 1588 17.

1584 1621 1846 1689 pecuniae
1913 1624 2226 1690 contemptu
2284 1623 2587 1690 gloriantur
2642 1624 2669 1677 Ι

1584 1711 1707 1773 252,
1750 1709 1781 1761 9
1820 1727 1888 1763 ss.
1929 1711 2074 1763 inter
2111 1728 2168 1765 se
2206 1728 2406 1780 magna
2449 1728 2665 1765 concer-

1581 1799 1790 1852 tatione
1827 1797 2095 1852 dissident
2129 1798 2158 1852 Ι
2192 1801 2246 1866 4,
2295 1800 2376 1855 14.
2430 1801 2668 1869 ipsorum

1584 1888 1729 1941 inter
1784 1904 1840 1940 se
1898 1888 2302 1941 concertatione
2356 1889 2666 1943 reuincendi

1585 1977 1642 2030 II
1693 1979 1778 2041 63,
1836 1977 1918 2032 19.
1969 1978 2119 2046 loqui
2169 1977 2307 2030 bene
2359 1980 2667 2046 potuerunt,

1556 2082 1714 2145 *uere
1752 2065 1901 2118 nullo
1940 2065 2099 2119 modo
2138 2065 2165 2118 Ι
2207 2067 2324 2129 179,
2369 2067 2450 2120 13.
2483 2083 2666 2119 eorum

1589 2154 1900 2222 eloquentia
1946 2171 2053 2206 non
2105 2153 2535 2222 pertimescenda
2586 2158 2668 2207 est

1591 2246 1617 2297 Ι
1668 2240 1784 2306 179,
1837 2245 1919 2295 12.
1968 2243 2062 2296 isti
2110 2244 2307 2296 minuti
2359 2247 2413 2296 et
2464 2244 2668 2296 inertes

1589 2331 1900 2402 philosophi
1946 2332 2002 2384 ΙΙ
2053 2332 2137 2394 84,
2179 2333 2227 2386 6.
2269 2332 2450 2385 clinici
2487 2332 2662 2400 philo-

1590 2421 1745 2491 sophi
1791 2421 1818 2472 Ι
1869 2422 1986 2485 194,
2035 2422 2082 2473 6.
2134 2421 2227 2490 qui
2273 2420 2437 2489 uulgo
2485 2421 2662 2490 philo-

1589 2510 1746 2581 sophi
1797 2510 2144 2564 nominantur
2188 2508 2245 2563 ΙΙ
2294 2511 2341 2573 7,
2390 2511 2438 2564 2.
2489 2509 2665 2580 philo-

1590 2601 1746 2669 sophi
1761 2603 1976 2652 nostrae
1998 2603 2178 2652 sectae
2201 2600 2259 2664 (i.
2282 2615 2323 2655 e.
2346 2598 2663 2665 Christiani)

1589 2689 1646 2740 II
1681 2690 1731 2750 4,
1775 2689 1857 2741 11.
1897 2686 1962 2740 de
2001 2688 2276 2741 Lactantii
2324 2705 2439 2741 cum
2487 2687 2665 2757 philo·

1590 2777 1771 2846 sophis
1838 2776 2128 2830 certamine
2195 2776 2262 2829 cf.
2328 2778 2388 2831 L.
2448 2776 2664 2831 Caelius

1588 2867 1751 2920 Firm.
1788 2865 1940 2918 Lact.

1517 2956 1769 3010 Phoebus
1831 2954 1888 3007 ΙΙ
1938 2954 2021 3008 Ρ1ι
2078 2956 2199 3019 137,
2250 2955 2336 3008 33.
2389 2954 2477 3008 41.
2544 2953 2662 3018 138,

1591 3047 1674 3099 51.
1724 3045 1808 3098 58.
1855 3043 2098 3097 Phoebei
2148 3044 2368 3097 uerticis
2408 3042 2570 3096 decus
2609 3042 2666 3095 ΙΙ

1589 3135 1672 3188 Ph
1714 3135 1831 3196 145,
1875 3134 1995 3188 140.

1517 3223 1790 3277 Phoenice
1827 3220 1884 3275 ΙΙ
1921 3222 2005 3275 Ph
2047 3223 2165 3284 139,
2205 3223 2290 3275 66.

1517 3312 1751 3381 phoenix
1770 3312 1979 3376 (arbor)
2007 3310 2064 3363 H
2084 3309 2164 3363 Ph
2185 3310 2301 3372 139,
2320 3309 2403 3362 70.
2425 3308 2665 3361 Phoenix

1590 3400 1646 3453 II
1682 3400 1767 3453 Ph
1809 3401 1926 3462 137,
1967 3400 2053 3453 31.
2096 3398 2213 3461 143,
2257 3394 2386 3450 106.’

1517 3489 1757 3557 Phryges
1799 3487 2102 3554 (haeretici)
2144 3486 2171 3539 Ι
2209 3486 2331 3549 396,
2372 3487 2420 3538 5.

1517 3578 1574 3630 in
1621 3577 1859 3645 Phrygia
1904 3576 2082 3628 Mater
2126 3576 2301 3628 Deum
2349 3573 2376 3626 Ι
2414 3572 2535 3634 682,
2577 3571 2660 3625 16.

1589 3665 1871 3717 uniuersus
1893 3663 2124 3732 populus
2146 3679 2264 3715 cum
2288 3659 2661 3714 conuenticulo

1592 3755 1959 3806 concrematus
2016 3750 2045 3804 Ι
2099 3752 2222 3814 435,
2287 3752 2335 3806 5.
2403 3748 2664 3817 [Phrygia

1593 3840 1798 3911 Sibylla
1843 3840 1870 3894 I
1918 3842 2006 3905 22,
2057 3841 2139 3894 15.
2189 3839 2312 3903 680,
2351 3840 2399 3891 2.
2439 3836 2664 3905 Phrygii

1589 3930 1736 3983 modi
1773 3929 1801 3982 I
1839 3929 1924 3994 8⁴»,
1970 3930 2075 3998 10.]

384 4021 441 4071 et
492 4019 831 4072 uitiaucrunt
885 4018 913 4071 I
967 4020 1087 4082 515,
1142 4019 1226 4075 20.
1282 4036 1465 4072 eorum
1518 4020 1742 4090 physica
1788 4019 1815 4072 Ι
1865 4019 1982 4082 190,
2035 4019 2119 4072 12.
2169 4017 2289 4080 213,
2343 4016 2392 4068 5.
2441 4013 2562 4076 248,
2613 4013 2661 4066 6.

387 4107 657 4177 sapientia
710 4124 818 4159 non
876 4106 1112 4160 excindit
1162 4108 1315 4172 uitia,
1369 4108 1464 4160 sed

1592 4110 1714 4171 701,
1753 4109 1840 4161 21.
1882 4108 2001 4170 706,
2042 4109 2091 4162 3.

388 4196 672 4250 abscondit
735 4196 764 4250 Ι
827 4196 948 4260 261,
1023 4201 1071 4251 5.
1146 4214 1254 4249 808
1330 4197 1463 4250 satis
1517 4196 1726 4267 physici
1774 4196 2054 4249 scientiam
2100 4194 2440 4248 retinuerunt
2476 4190 2503 4244 I
2547 4191 2661 4254 188,

383 4286 566 4339 idonei
618 4285 685 4339 ad
726 4284 865 4338 bene
904 4285 1196 4339 uiuendum
1237 4285 1397 4339 duces
1437 4285 1465 4338 I

386 4376 435 4437 4,
478 4376 558 4429 13.
599 4392 782 4428 eorum
810 4373 1129 4443 inpudentia
1159 4379 1213 4427 et
1243 4374 1465 4427 audacia

1594 4287 1640 4339 1.
1694 4288 1744 4338 5.
1800 4285 1920 4347 190,
1975 4285 2023 4339 7.
2080 4284 2199 4346 707,
2254 4283 2337 4337 23.
2398 4280 2461 4333 de
2516 4278 2662 4332 caelo

1593 4374 1826 4427 delirant
1863 4373 1891 4426 I
1930 4375 2048 4438 196,
2088 4374 2173 4426 21.
