3132 5043
547 480 677 544 234
1086 475 1188 531 De
1233 478 1625 531 mortibus
1679 482 2282 548 persecutorum

545 678 645 737 est
692 678 756 738 et
800 672 946 737 inde
995 673 1295 737 detrusus
1334 672 1890 756 perrumpentibus
1928 673 2143 738 omnia
2177 673 2535 739 uictoribus
2574 675 2838 740 Tarsum

417 783 451 835 2
542 784 863 860 postremo
921 780 1230 864 confugit.
1323 779 1415 844 ibi
1471 798 1620 843 cum
1683 779 1812 844 iam
1875 784 2044 844 terra
2105 780 2389 863 marique
2452 786 2845 863 premeretur

545 905 659 950 nec
706 885 913 950 ullum
962 889 1245 969 speraret
1289 885 1634 969 refugium,
1682 904 1916 970 angore
1964 885 2157 950 animi
2206 905 2278 950 ac
2321 890 2499 951 metu
2556 888 2844 973 confugit

545 992 624 1056 ad
670 995 938 1056 mortem
989 993 1174 1074 quasi
1223 992 1304 1056 ad
1347 991 1703 1057 remedium
1747 994 2084 1071 malorum,
2133 1012 2295 1076 quae
2343 994 2502 1058 deus
2542 994 2605 1058 in
2653 999 2846 1076 caput

420 1104 453 1155 3
546 1099 689 1164 eius
730 1098 1022 1183 ingessit.
1118 1099 1231 1163 sed
1275 1099 1455 1181 prius
1501 1098 1644 1164 cibo
1692 1118 1760 1163 se
1804 1099 2055 1165 infersit
2099 1118 2171 1164 ac
2209 1100 2361 1164 uino
2397 1100 2842 1185 ingurgitauit,

545 1210 620 1270 ut
665 1205 876 1270 solent
919 1205 965 1269 ii
1012 1205 1121 1288 qui
1168 1206 1288 1269 hoc
1327 1205 1560 1270 ultimo
1602 1224 1672 1269 se
1709 1206 1916 1270 facere
1954 1206 2358 1285 arbitrantur,
2398 1214 2464 1271 et
2498 1207 2592 1272 sic
2629 1208 2847 1273 hausit

544 1332 882 1378 uenenum.
942 1312 1127 1376 cuius
1181 1312 1287 1376 uis
1342 1311 1573 1376 referto
1632 1312 1965 1378 stomacho
2021 1332 2393 1395 repercussa
2445 1315 2659 1380 ualere
2720 1333 2844 1380 non

544 1419 757 1502 potuit
808 1419 873 1482 in
931 1437 1252 1499 praesens,
1303 1418 1418 1483 sed
1472 1418 1534 1482 in
1583 1420 1953 1503 languorem
2001 1420 2244 1483 malum
2289 1439 2549 1484 uersum
2598 1424 2697 1485 est
2738 1440 2847 1504 pe-

547 1524 867 1590 stilentiae
933 1525 1232 1603 similem,
1288 1528 1363 1590 ut
1427 1525 1674 1590 diutius
1737 1529 2060 1609 protracto
2127 1526 2356 1610 spiritu
2422 1527 2849 1592 cruciamenta

422 1638 456 1688 4
550 1614 829 1697 sentiret.
919 1632 1048 1697 iam
1105 1632 1354 1697 saeuire
1408 1633 1471 1697 in
1530 1652 1678 1697 eum
1735 1637 2029 1714 coeperat
2085 1633 2286 1698 uirus.
2353 1634 2538 1698 cuius
2585 1634 2651 1698 ui
2700 1652 2848 1697 cum

548 1738 919 1822 praecordia
962 1739 1100 1803 eius
1136 1738 1441 1817 furerent,
1478 1739 1956 1804 insustentabili
1995 1739 2210 1804 dolore
2247 1759 2454 1823 usque
2493 1740 2570 1804 ad
2607 1740 2850 1805 rabiem

547 1846 780 1910 mentis
832 1845 1037 1910 elatus
1085 1849 1206 1923 est,
1255 1846 1411 1910 adeo
1460 1850 1534 1910 ut
1579 1866 1693 1928 per
1738 1846 1874 1910 dies
1922 1850 2225 1929 quattuor
2268 1846 2513 1911 insania
2564 1847 2848 1930 percitus

422 1959 455 2009 5
547 1953 843 2017 haustam
909 1952 1201 2017 manibus
1266 1956 1501 2017 terram
1565 1954 1749 2018 uelut
1819 1953 2101 2018 esuriens
2169 1953 2520 2017 deuoraret.
2622 1952 2849 2017 deinde

548 2064 697 2143 post
740 2061 981 2124 multos
1031 2079 1390 2144 grauesque
1438 2061 1762 2125 cruciatus
1810 2079 1956 2124 cum
2003 2062 2197 2142 caput
2251 2078 2441 2123 suum
2494 2059 2850 2143 parietibus

548 2167 882 2251 infligeret,
923 2166 1258 2231 exilierunt
1305 2167 1477 2232 oculi
1515 2167 1654 2232 eius
1695 2167 1771 2231 de
1812 2166 2050 2231 caueis.
2097 2169 2248 2230 tunc
2289 2167 2568 2245 demum,
2609 2166 2848 2231 amisso

548 2273 717 2350 uisu,
767 2272 957 2337 deum
1011 2272 1232 2338 uidere
1289 2274 1501 2356 coepit
1553 2273 1906 2338 candidatis
1963 2273 2277 2337 ministn's
2326 2273 2405 2337 de
2452 2292 2521 2337 se
2567 2272 2852 2337 iudican-

425 2386 456 2437 6
548 2383 702 2444 tem.
796 2380 1187 2446 exclamabat
1236 2399 1385 2464 ergo
1455 2380 1625 2445 sicut
1668 2381 1714 2445 ii
1763 2380 1874 2464 qui
1921 2383 2300 2463 torquentur
2345 2380 2575 2457 solent,
2616 2383 2679 2444 et
2723 2399 2851 2443 non

551 2505 640 2564 se,
690 2485 803 2552 sed
858 2487 1018 2552 alios
1080 2487 1309 2552 fecisse
1358 2486 1630 2553 dicebat.
1698 2486 1922 2552 deinde
1971 2486 2155 2570 quasi
2201 2486 2536 2553 tormentis
2585 2485 2851 2551 adactus

430 2624 530 2657 mm,
549 2594 869 2658 fatebatur
897 2593 1223 2659 Christum
1263 2594 1532 2659 subinde
1570 2593 1576 2680 f
1611 2595 1954 2677 deprecans
1992 2598 2057 2659 et
2091 2594 2463 2676 implorans,
2501 2598 2578 2658 ut
2616 2593 2855 2658 suimet

428 2706 457 2756 7
549 2701 974 2765 misereretur.
1025 2701 1116 2765 sic
1154 2701 1321 2765 inter
1368 2702 1648 2786 gemitus
1697 2721 1856 2783 quos
1904 2705 2228 2783 tamquam
2280 2703 2664 2765 cremaretur
2710 2699 2853 2764 ede-

550 2808 680 2882 bat,
729 2813 1062 2872 nocentem
1112 2808 1408 2890 spiritum
1459 2805 1826 2872 detestabili
1875 2827 2104 2892 genere
2149 2808 2375 2872 mortis
2424 2807 2685 2871 efflauit.

629 3130 652 3182 1
716 3129 967 3183 detrusus
1002 3127 1350 3198 LejNourry,
1396 3129 1523 3182 item
1573 3144 1883 3197 anonymus
1918 3146 1980 3197 p.
2025 3133 2103 3183 67
2138 3136 2188 3183 et
2224 3129 2526 3194 Bentleius,
2573 3128 2852 3181 detorsum

557 3219 684 3283 (sic)
730 3217 797 3284 C,-
837 3216 1168 3270 dextrorsum
1206 3217 1343 3284 Bal,
1380 3231 1590 3271 rursum
1628 3218 1720 3270 uel
1758 3217 2005 3270 deorsum
2042 3217 2439 3283 Buencmanm
2475 3217 2639 3285 petiit
2671 3217 2855 3269 muni·

557 3307 1070 3360 mentis—conatus.
1110 3306 1206 3370 sed
1244 3307 1485 3376 undique
1523 3324 1739 3360 uersum
1771 3307 1870 3373 (cf.
1900 3323 1941 3362 c.
1976 3311 2071 3373 34,
2105 3311 2160 3374 5,
2186 3307 2276 3360 uel
2305 3309 2518 3372 uersus)
2546 3306 2857 3359 Heumann

556 3398 587 3449 2
624 3395 756 3448 Hibi
800 3395 846 3449 G
985 3401 1259 3465 pmeretur
1298 3396 1419 3461 (sic,
1445 3395 1541 3448 sed
1577 3395 1867 3461 inferiores
1894 3401 2090 3463 partes
2127 3395 2436 3449 litterarum
2473 3399 2851 3460 manner-unt)

562 3483 627 3549 C,·
683 3488 1073 3552 perterreretur
1116 3483 1250 3551 Bal,
1306 3487 1585 3552 peteretur
1645 3482 1939 3550 GraeuiuS,
1995 3486 2387 3552 proterreretur
2437 3483 2670 3549 Tollius,
2722 3483 2857 3536 item

553 3572 841 3626 Bentleius
1021 3573 1053 3626 3
1108 3588 1208 3625 nec
1253 3571 1388 3638 Bal,
1436 3573 1561 3624 item
1606 3571 1909 3631 Bentleius,
1958 3588 2065 3624 non
2111 3571 2170 3634 G,
2207 3573 2357 3640 quod
2398 3572 2581 3640 placet
2614 3570 2858 3624 Halmio

548 3677 607 3727 p.
646 3665 759 3714 162
881 3660 913 3712 6
951 3661 991 3713 ii
1026 3659 1225 3726 Halm,
1262 3661 1319 3713 hi
1364 3661 1410 3714 0
1516 3661 1545 3712 7
1588 3665 1827 3714 stomaco
1873 3660 1921 3714 C'
2058 3677 2372 3728 repercussa.
2406 3660 2537 3716 Bal.
2576 3676 2857 3729 repercus-

559 3767 648 3802 sus
693 3749 739 3803 0
880 3749 912 3803 8
959 3750 1236 3818 langorem
1283 3749 1329 3803 C
1474 3759 1723 3802 'uersum
1773 3753 1857 3801 est
1891 3748 2211 3808 Heumann,
2251 3750 2379 3802 item
2413 3748 2593 3802 Halm
2620 3766 2682 3817 p.
2720 3752 2854 3811 166,

559 3855 711 3891 nerse
752 3839 883 3903 (sic)
927 3836 992 3903 G;
1041 3854 1199 3890 uersa
1233 3836 1367 3899 Bal,
1406 3853 1566 3890 uersa
1604 3841 1688 3889 est
1731 3836 2027 3890 Columba-s
2209 3837 2271 3889 11
2328 3835 2572 3889 furerent
2607 3835 2853 3905 Lenqlet.

559 3929 739 3980 furens
783 3926 851 3993 0,·
904 3927 1244 3980 uis—ureret
1299 3926 1441 3990 Bal,·
1496 3926 1911 3984 ui—urerentur
1949 3924 2142 3986 Halm,
2193 3928 2572 3994 perurerentur
2625 3923 2860 3976 Brandt

561 4041 987 4095 insustemtabili
1030 4041 1076 4094 G
1202 4042 1267 4095 12
1304 4007 1417 4095 ffH
1460 4042 1507 4094 0
1647 4041 1884 4111 percitus
1923 4040 2054 4102 Bal,
2093 4041 2332 4109 percutis
2371 4042 2413 4092 (3
2523 4040 2588 4093 16
2627 4038 2776 4091 uissu
2812 4038 2860 4092 G

570 4138 747 4190 <cum>
788 4129 1090 4184 candidatis
1134 4129 1394 4199 CuperuS,
1438 4128 1864 4183 <circumdat-us>
1900 4128 2203 4182 candidatis
2241 4128 2524 4181 emendari
2558 4127 2698 4181 nelle
2734 4128 2859 4182 uid.

560 4220 878 4283 Mancroix,
907 4219 1003 4273 sed
1028 4218 1393 4273 Buenemann
1432 4235 1475 4272 c.
1505 4223 1594 4281 14,
1626 4221 1665 4271 2
1702 4218 1928 4272 occultis
1965 4217 2228 4270 ministris
2266 4218 2478 4284 confert
2555 4218 2618 4270 17
2648 4216 2687 4269 ii
2715 4216 2851 4277 Bal,

560 4309 638 4360 hii
684 4309 729 4360 G
869 4311 1191 4376 torquentur
1226 4309 1457 4361 Brandt
1494 4308 1590 4375 (cf.
1632 4308 1810 4361 solent
1845 4325 1900 4360 u.
1945 4309 2022 4373 6),
2060 4307 2302 4375 torqueri
2348 4306 2392 4359 C
2553 4306 2618 4359 19
2657 4306 2858 4375 implo-

562 4414 682 4449 rans
726 4412 1035 4464 anonymus
1063 4413 1124 4464 p.
1170 4399 1259 4461 68,
1300 4397 1517 4465 plorans
1564 4396 1611 4450 C

2885 1653 2936 1693 10

2887 2184 2938 2224 1⁵
