3132 5043
551 457 680 519 474

1361 447 1599 502 Index
1657 447 2065 500 uerborum

552 646 714 699 malle
756 653 890 711 (non
918 650 1170 713 sequente
1195 643 1488 712 particula
1518 659 1696 711 quam,
1754 642 1961 694 mansio
2000 640 2058 694 ΙΙ
2093 641 2149 694 M
2188 640 2309 703 200,
2353 640 2436 693 19.
2466 640 2590 702 225,
2621 639 2670 690 5.
2701 638 2784 691 21.
2813 638 2891 690 22.

624 741 687 788 ut
714 752 897 804 paene
924 735 998 788 sit
1026 734 1185 795 uelle,
1216 734 1286 801 cf.
1317 734 1696 786 Buenemann.
1756 746 2131 783 mansuescere
2168 730 2197 783 I
2235 729 2355 791 759,
2400 729 2482 782 18.

595 825 704 879 ‚ad
749 825 890 877 Inst.
930 823 1029 875 IV
1060 826 1156 881 26,
1197 826 1247 887 1)
1287 822 1312 873 Ι
1358 822 1479 882 377,
1532 822 1614 873 15.
1655 836 1696 873 c.
1754 819 2111 872 mansuetudo
2159 818 2187 871 Ι
2226 818 2310 881 79,
2349 819 2398 872 8.
2438 819 2566 879 422,
2605 817 2690 870 20.
2735 816 2893 870 animi

625 930 735 966 acc.
790 930 832 965 c.
885 912 989 979 inf.
1045 916 1124 977 (se
1175 914 1352 975 natos)
1406 907 1463 961 11
1514 910 1600 970 14,
1647 909 1697 960 2.

1827 909 1853 961 1
1892 910 2012 972 576,
2055 909 2137 962 16.

623 1001 838 1054 mallem
893 1005 956 1052 ut
1011 1030 1077 1037 —
1134 1000 1402 1067 fingerent
1468 1014 1698 1065 quam—
1753 996 2042 1051 manubiae
2079 998 2106 1050 I
2149 998 2268 1063 122,
2310 999 2355 1052 7.
2394 995 2451 1048 II
2488 995 2545 1048 M
2589 994 2707 1055 183,
2750 994 2826 1046 16.

621 1089 912 1158 probarent
939 1089 967 1141 Ι
996 1089 1081 1151 68,
1115 1088 1196 1142 18.
1236 1086 1327 1155 qui
1358 1102 1515 1154 egere
1543 1084 1701 1137 malit
1756 1105 1971 1142 manus:
2012 1103 2173 1140 manu
2212 1086 2358 1139 facta
2398 1084 2687 1150 (uenerari)
2726 1082 2753 1135 Ι
2783 1083 2889 1145 104,

625 1194 783 1246 quam
823 1180 1015 1229 noceat
1043 1175 1070 1228 Ι
1097 1176 1221 1237 458,
1256 1176 1335 1228 10.
1377 1176 1612 1226 mentem
1641 1173 1697 1225 in

623 1265 851 1336 pedibus
892 1265 1219 1317 constituere
1249 1262 1490 1315 malebat
1518 1262 1699 1329 potius

625 1371 781 1422 quaxn
820 1354 876 1406 in
914 1358 1131 1423 pectore
1170 1352 1197 1404 Ῑ
1235 1354 1356 1415 266,
1391 1352 1473 1405 13.
1504 1356 1566 1404 ut
1593 1367 1698 1403 non

624 1444 806 1512 potius
844 1459 1028 1495 ueram
1064 1442 1365 1494 bonitatem
1408 1457 1569 1509 quam
1597 1438 1698 1491 fal-

625 1548 736 1584 sam
774 1532 1025 1584 malimus
1063 1531 1092 1584 I
1127 1530 1250 1591 438,
1295 1532 1375 1582 17.

550 1621 749 1673 malus:
801 1638 868 1674 ne
920 1620 1144 1673 uerbum
1193 1619 1392 1671 malum
1443 1617 1701 1687 procedat

624 1728 685 1763 ex
724 1727 813 1762 ore
859 1709 1093 1762 hominis
1129 1709 1156 1761 I
1196 1709 1315 1768 548,
1369 1708 1448 1759 12.
1494 1706 1696 1758 malum

625 1803 714 1862 (=
746 1799 906 1861 male)
949 1797 1123 1849 dicere
1152 1797 1178 1849 1
1207 1796 1326 1858 533,
1371 1796 1451 1848 19.
1493 1798 1698 1847 metue·

624 1888 756 1939 bant
792 1887 991 1938 malum
1033 1889 1121 1951 (=
1155 1883 1406 1953 poenam)
1436 1884 1463 1936 1
1494 1883 1578 1943 71,
1611 1884 1695 1936 22.

622 1976 677 2029 II
722 1976 778 2027 M
826 1976 946 2035 235,
1005 1975 1068 2027 15
1124 1976 1213 2041 (2³).
1268 1989 1421 2042 quae,
1478 1973 1698 2037 malum,

625 2065 839 2117 uanitas
879 2065 996 2116 erat
1035 2062 1350 2117 dicere...!
1389 2060 1447 2114 ΙΙ
1485 2063 1571 2123 22,
1614 2061 1695 2113 11.

623 2154 678 2205 10
733 2153 890 2205 malis
947 2169 1063 2205 esse
1119 2151 1146 2203 1
1202 2153 1286 2214 97,
1349 2151 1429 2204 11.
1494 2150 1699 2203 malum

622 2242 792 2295 multo
831 2243 984 2311 peius
1024 2242 1253 2309 augetur
1300 2239 1356 2293 11
1391 2240 1446 2292 M
1484 2240 1607 2301 211,
1647 2241 1695 2292 5.

548 2346 810 2383 mammae
847 2330 900 2382 ΙΙ
938 2331 1024 2390 46,
1068 2330 1147 2382 17.

550 2436 767 2473 manare
808 2436 838 2471 a
877 2418 901 2470 I
943 2419 1025 2481 74,
1071 2419 1149 2469 13.
1189 2417 1331 2469 lacte
1370 2417 1544 2477 1153,
1577 2417 1623 2468 7.

550 2508 881 2577 mancipare:
922 2506 1122 2560 subicis
1163 2510 1218 2559 et
1254 2505 1529 2574 mancipas
1570 2504 1698 2558 deos

625 2596 723 2649 deo
771 2597 797 2648 1
844 2597 965 2658 411,
1015 2598 1063 2649 5.
1114 2595 1346 2647 animam
1392 2611 1543 2646 suam
1585 2611 1697 2647 cor-

627 2686 740 2754 pori
778 2685 804 2737 I
845 2687 964 2747 567,
1010 2685 1091 2736 18.
1131 2686 1249 2737 sim.
1291 2684 1317 2736 I
1354 2684 1476 2745 480,
1520 2685 1603 2738 13.
1642 2683 1697 2736 11

629 2776 748 2839 131,
799 2774 880 2827 15.
931 2774 1214 2843 spiritibus
1261 2774 1469 2843 inpuris
1509 2774 1537 2826 Ι
1580 2774 1695 2834 174,

584 2916 588 2920 ,
630 2864 713 2917 14.
745 2864 830 2916 cui
864 2863 1117 2932 (corpori)
1147 2880 1245 2915 nos
1284 2863 1697 2931 manciparimus

624 2954 651 3006 I
690 2956 811 3016 564,
851 2953 935 3006 20.
977 2969 1097 3005 caro
1135 2952 1508 3021 uoluptatibus
1545 2969 1696 3005 man-

626 3043 806 3111 cipata
855 3042 881 3094 I
932 3043 1053 3106 377,
1108 3043 1156 3096 9.
1210 3042 1320 3093 8018
1376 3042 1492 3111 ipse
1548 3042 1698 3095 uitiis

624 3132 963 3200 mancipatus
1001 3130 1030 3183 I
1067 3131 1151 3193 31,
1192 3131 1239 3182 9.

553 3220 809 3274 mandare
849 3218 918 3271 ad
954 3219 1208 3287 populum
1251 3223 1312 3272 ut
1348 3220 1375 3272 I
1416 3221 1501 3284 61,
1532 3220 1697 3274 5.1it-

624 3309 755 3362 teris
797 3309 1191 3375 memoriaeque
1220 3309 1245 3360 I
1276 3310 1398 3371 517,
1432 3310 1476 3361 1.
1519 3309 1698 3378 sepul-

624 3402 777 3450 turae
815 3397 842 3449 1
881 3398 966 3458 50,
1006 3397 1091 3449 27.

551 3502 708 3538 mane
747 3484 1010 3553 postridie
1049 3483 1105 3535 II
1141 3484 1196 3536 M
1240 3487 1356 3547 191,
1403 3487 1482 3538 13.
1525 3486 1697 3555 pridie

623 3591 781 3626 mane
819 3573 877 3625 ΙΙ
913 3574 965 3625 Μ
1004 3574 1125 3634 227,
1167 3574 1214 3626 3.

551 3677 795 3716 manere:
822 3664 1006 3713 manet
1028 3661 1265 3729 aliquem
1283 3663 1544 3734 (aliquid)
1560 3682 1697 3718 mer-

625 3768 711 3804 ces
762 3750 978 3820 (poena)
1030 3750 1056 3803 1
1106 3751 1229 3813 486,
1291 3754 1371 3813 11,
1432 3755 1552 3815 733,
1617 3756 1695 3808 13.

622 3840 749 3892 item
781 3843 870 3905 (sc,
903 3838 1164 3902 homines.
1192 3843 1263 3909 cf.
1291 3842 1695 3910 Buenemann.)

624 3930 651 3982 Ι
688 3929 810 3991 463,
855 3930 936 3981 15.

552 4033 759 4070 manes:
776 4018 1013 4070 manium
1031 4019 1198 4088 patris
1216 4020 1416 4074 oblitus
1432 4020 1461 4073 I
1475 4023 1598 4082 431,
1617 4021 1696 4075 10.

554 4105 847 4158 manifesto
888 4108 956 4173 cf.
997 4109 1198 4162 tenere.

553 4194 958 4248 manifestarius
996 4196 1053 4248 ΙΙ
1088 4197 1143 4249 M
1182 4199 1303 4262 207,
1344 4201 1429 4254 21.

555 4283 876 4335 manifestus
915 4283 943 4336 I
981 4285 1066 4346 84,
1106 4287 1155 4340 4.
1194 4302 1315 4339 1008
1354 4287 1411 4340 ΙΙ
1452 4289 1570 4352 120,
1616 4291 1695 4342 17.

626 4372 968 4424 manifestum
1009 4376 1094 4425 est
1131 4373 1196 4427 de
1233 4375 1261 4427 Ι
1298 4377 1383 4439 41,
1422 4377 1506 4430 22.

1830 1178 1911 1230 13.
1971 1178 2090 1239 666,
2143 1177 2224 1228 19.
2273 1191 2430 1226 nemo
2473 1171 2769 1241 quidquam
2803 1171 2891 1222 ha-

1825 1266 1980 1319 bebit
2024 1265 2131 1318 nisi
2176 1281 2336 1316 manu
2374 1266 2590 1332 partum
2636 1276 2890 1328 manuque

1827 1354 2105 1408 defensum
2157 1354 2184 1406 I
2238 1355 2355 1416 756,
2411 1352 2494 1405 13.
2544 1351 2760 1403 uineam
2805 1365 2892 1401 sua

1825 1460 1986 1495 manu
2052 1443 2195 1495 seuit
2248 1441 2277 1494 I
2334 1441 2454 1503 161,
2517 1440 2562 1493 1.
2622 1455 2742 1492 cum
2792 1437 2890 1490 iam

1827 1533 1984 1586 rebus
2024 1549 2232 1584 summa
2267 1546 2459 1583 manus
2488 1532 2632 1582 esset
2666 1527 2889 1597 inposita

1824 1621 1851 1673 Ῑ
1904 1622 2019 1685 140,
2073 1622 2154 1673 17.
2204 1620 2377 1690 plenis
2432 1617 2682 1671 manibus
2737 1632 2891 1685 pecu·

1826 1711 1969 1763 niam
2023 1709 2210 1778 largiri
2258 1708 2287 1761 I
2336 1708 2458 1770 260,
2516 1706 2566 1758 8.
2621 1705 2788 1757 libros
2839 1704 2886 1755 in

1826 1816 2042 1852 manum
2091 1814 2299 1851 sumere
2341 1797 2369 1849 I
2414 1795 2539 1857 428,
2586 1796 2637 1847 4.
2687 1794 2742 1846 10
2786 1809 2886 1844 ma-

1826 1905 1927 1940 nus
1968 1888 2209 1941 alicuius
2246 1885 2429 1938 uenire
2469 1885 2497 1937 Ι
2534 1884 2657 1946 368,
2688 1884 2736 1935 5.
2773 1882 2884 1942 381,

1830 1979 1910 2030 16.
1959 1977 2167 2029 Licinio
2216 1975 2445 2043 coniuge
2497 1990 2595 2026 sua
2642 1976 2697 2024 et
2732 1971 2886 2023 filium

1826 2065 1881 2116 in
1901 2081 2117 2117 manum
2136 2063 2353 2116 traditis
2377 2066 2467 2127 (=
2491 2058 2886 2125 commendatis)
2993 2086 2999 2096 ι

1826 2153 1880 2206 Π
1916 2153 1973 2206 M
2011 2154 2134 2216 214,
2176 2154 2222 2206 7.
2262 2153 2318 2204 111
2357 2167 2518 2204 manu
2548 2155 2731 2203 tenere
2757 2148 2785 2200 Ι
2810 2148 2884 2201 22.

1829 2242 1910 2295 18.
1954 2242 2046 2310 qui
2086 2241 2271 2309 (filius)
2309 2241 2365 2292 10
2411 2256 2574 2292 manu
2623 2237 2788 2306 patris
2823 2235 2886 2286 sit

1825 2331 1853 2383 1
1891 2332 2010 2394 392,
2050 2333 2118 2385 20
2173 2331 2229 2383 in
2270 2346 2493 2398 quorum
2531 2327 2776 2380 manibus
2805 2341 2884 2376 eos

1827 2421 2116 2474 collocauit
2167 2421 2193 2473 1
2243 2421 2365 2481 476,
2413 2420 2469 2472 .1.
2521 2434 2589 2470 ne
2637 2416 2683 2468 si
2730 2415 2883 2467 801010

1827 2509 2043 2579 quidem
2074 2510 2250 2580 ipsum
2278 2511 2557 2578 gestemus
2576 2506 2634 2559 in
2654 2503 2882 2557 manibus

1825 2601 1850 2652 I
1888 2601 2010 2661 484,
2050 2599 2099 2652 8.
2140 2615 2363 2667 regnum
2413 2614 2509 2667 per
2553 2613 2740 2649 manus
2784 2593 2881 2645 filio

1826 2687 2055 2741 tradidit
2106 2687 2133 2739 Ι
2188 2688 2306 2749 111,
2359 2689 2407 2739 5.
2462 2686 2518 2738 ΙΙ
2567 2685 2625 2737 M
2675 2685 2792 2748 201,
2839 2685 2880 2736 6.

1823 2793 2014 2828 manus
2069 2776 2339 2829 abstinere
2397 2776 2463 2827 ab
2529 2774 2810 2827 homicidio
2859 2771 2882 2823 I

1827 2866 1946 2928 744,
1989 2866 2071 2919 10.
2110 2866 2255 2918 inter
2292 2881 2348 2917 se
2386 2881 2577 2917 manus
2626 2878 2881 2916 conserere

1826 2955 1852 3007 1
1888 2956 2011 3017 416,
2055 2956 2135 3009 16.
2187 2954 2251 3006 de
2298 2971 2461 3006 manu
2511 2950 2882 3006 conserendaI

1824 3045 1875 3106 4,
1930 3044 1977 3095 7.
2032 3043 2159 3095 dum
2212 3043 2380 3095 solam
2434 3042 2715 3095 scientiam
2767 3057 2876 3093 con-

1826 3133 1984 3185 sertis
2047 3132 2296 3184 manibus
2360 3132 2450 3184 uel
2511 3132 2745 3184 retinent
2801 3129 2877 3181 uel

1828 3222 2066 3289 eripiunt
2101 3222 2129 3274 1
2172 3222 2288 3283 188,
2329 3222 2377 3274 9.
2416 3237 2611 3273 manus
2648 3220 2769 3273 dare
2803 3218 2880 3286 (de

1823 3311 2010 3374 uictis)
2074 3311 2099 3362 I
2157 3310 2276 3370 398,
2350 3311 2432 3363 16.
2501 3309 2763 3362 conuertit
2821 3305 2880 3358 ad

1825 3401 1996 3452 filium
2060 3417 2250 3453 manus
2309 3401 2392 3465 (in
2460 3401 2713 3453 oratione
2775 3413 2879 3450 eum

1824 3489 2166 3558 siqnificans)
2189 3490 2243 3542 11
2264 3490 2318 3541 Μ
2337 3491 2460 3551 205,
2487 3490 2568 3542 16.
2590 3492 2651 3541 ut
2662 3492 2879 3541 nostram

1822 3580 2073 3628 naturam
2111 3577 2265 3646 quasi
2303 3593 2465 3629 manu
2505 3576 2575 3629 ad
2600 3575 2875 3629 inmortali-

1823 3669 1997 3719 tatem
2060 3671 2245 3735 posset
2309 3666 2535 3720 educere
2591 3666 2619 3718 1
2668 3667 2783 3729 317,
2839 3665 2875 3715 l.

1824 3772 1987 3808 manu
2026 3756 2206 3809 emitti
2242 3756 2411 3826 (mitti
2448 3756 2593 3820 RH)
2631 3756 2656 3807 I
2692 3755 2805 3814 281,
2834 3754 2874 3805 2.

1827 3845 1957 3897 deus
1995 3846 2148 3898 iubet
2187 3849 2247 3898 ut
2282 3862 2472 3897 manus
2502 3849 2706 3897 nostras
2734 3858 2877 3910 supra

1824 3935 2058 3987 minores
2097 3950 2307 4007 semper
2343 3934 2653 3999 habramus,
2680 3932 2779 3985 hoc
2805 3932 2876 3983 est

1825 4031 1887 4075 ut
1923 4027 2209 4092 peccantes
2249 4040 2340 4076 eos
2379 4023 2619 4076 adsiduis
2656 4019 2874 4073 uerberi-

1826 4112 1924 4164 bus
1974 4113 2303 4180 corrigamus
2350 4113 2379 4166 Ι
2417 4115 2536 4176 554,
2579 4112 2656 4166 18.
2703 4124 2873 4163 manus

1824 4201 2021 4254 inferre
2075 4203 2250 4256 alicui
2298 4203 2326 4255 Ι
2377 4204 2498 4265 355,
2549 4205 2598 4255 4.
2647 4200 2762 4262 585,
2798 4200 2872 4252 24.

1825 4290 2086 4344 nefandas
2125 4309 2314 4345 manus
2354 4290 2454 4345 deo
2494 4293 2520 4345 1
2558 4292 2673 4354 327,
2703 4291 2750 4345 3.
2783 4288 2873 4342 sibi

1825 4379 1930 4449 ipsi
1984 4399 2172 4435 manus
2230 4383 2532 4436 intulerunt
2585 4384 2610 4435 I
2662 4383 2778 4445 237,
2829 4382 2868 4433 7.
