<?xml version="1.0" encoding="UTF-8"?>
<!DOCTYPE html PUBLIC "-//W3C//DTD XHTML 1.0 Transitional//EN"
    "http://www.w3.org/TR/xhtml1/DTD/xhtml1-transitional.dtd">
<html xmlns="http://www.w3.org/1999/xhtml" xml:lang="en" lang="en">
 <head>
  <title>
</title>
<meta http-equiv="Content-Type" content="text/html;charset=utf-8" />
  <meta name='ocr-system' content='tesseract 3.04.00' />
  <meta name='ocr-capabilities' content='ocr_page ocr_carea ocr_par ocr_line ocrx_word'/>
</head>
<body>
  <div class='ocr_page' id='page_1' title='image "./corpusscriptoru30wissgoog_0062.png"; bbox 0 0 3132 5043; ppageno 0'>
   <div class='ocr_carea' id='block_1_1' title="bbox 553 465 2302 534">
    <p class='ocr_par' dir='ltr' id='par_1_1' title="bbox 553 465 2302 534">
     <span class='ocr_line' id='line_1_1' title="bbox 553 465 2302 534; baseline -0.006 -9"><span class='ocrx_word' id='word_1_1' title='bbox 553 471 677 533; x_wconf 87' lang='grc'>190</span> <span class='ocrx_word' id='word_1_2' title='bbox 1102 468 1201 519; x_wconf 89' lang='lat' dir='ltr'>De</span> <span class='ocrx_word' id='word_1_3' title='bbox 1258 465 1646 518; x_wconf 89' lang='lat' dir='ltr'>mortibus</span> <span class='ocrx_word' id='word_1_4' title='bbox 1702 469 2302 534; x_wconf 82' lang='lat' dir='ltr'>persecutorum</span> 
     </span>
    </p>
   </div>
   <div class='ocr_carea' id='block_1_2' title="bbox 442 659 2928 3415">
    <p class='ocr_par' dir='ltr' id='par_1_2' title="bbox 442 659 2835 957">
     <span class='ocr_line' id='line_1_2' title="bbox 442 659 2835 743; baseline 0.001 -23"><span class='ocrx_word' id='word_1_5' title='bbox 442 670 473 720; x_wconf 92' lang='lat'>6</span> <span class='ocrx_word' id='word_1_6' title='bbox 551 683 696 726; x_wconf 88' lang='lat' dir='ltr'>cum</span> <span class='ocrx_word' id='word_1_7' title='bbox 754 662 887 726; x_wconf 88' lang='lat' dir='ltr'>suis</span> <span class='ocrx_word' id='word_1_8' title='bbox 943 662 1287 726; x_wconf 88' lang='lat' dir='ltr'>terroribus</span> <span class='ocrx_word' id='word_1_9' title='bbox 1335 660 1766 743; x_wconf 77' lang='lat' dir='ltr'>triumphasti.</span> <span class='ocrx_word' id='word_1_10' title='bbox 1861 680 2047 741; x_wconf 83' lang='lat' dir='ltr'>quarn</span> <span class='ocrx_word' id='word_1_11' title='bbox 2095 660 2444 724; x_wconf 90' lang='lat' dir='ltr'>iucundum</span> <span class='ocrx_word' id='word_1_12' title='bbox 2490 659 2651 722; x_wconf 90' lang='lat' dir='ltr'>illud</span> <span class='ocrx_word' id='word_1_13' title='bbox 2700 679 2835 741; x_wconf 89' lang='lat' dir='ltr'>spe-</span> 
     </span>
     <span class='ocr_line' id='line_1_3' title="bbox 550 768 2834 847; baseline -0.002 -13"><span class='ocrx_word' id='word_1_14' title='bbox 550 770 870 834; x_wconf 87' lang='lat' dir='ltr'>ctaculum</span> <span class='ocrx_word' id='word_1_15' title='bbox 932 770 1047 834; x_wconf 91' lang='lat' dir='ltr'>deo</span> <span class='ocrx_word' id='word_1_16' title='bbox 1103 769 1244 847; x_wconf 88' lang='lat' dir='ltr'>fuit,</span> <span class='ocrx_word' id='word_1_17' title='bbox 1305 789 1448 833; x_wconf 90' lang='lat' dir='ltr'>cum</span> <span class='ocrx_word' id='word_1_18' title='bbox 1505 769 1812 832; x_wconf 89' lang='lat' dir='ltr'>uictorem</span> <span class='ocrx_word' id='word_1_19' title='bbox 1877 772 1940 832; x_wconf 92' lang='lat' dir='ltr'>te</span> <span class='ocrx_word' id='word_1_20' title='bbox 2008 772 2288 832; x_wconf 83' lang='lat' dir='ltr'>cerneret</span> <span class='ocrx_word' id='word_1_21' title='bbox 2350 788 2471 832; x_wconf 92' lang='lat' dir='ltr'>non</span> <span class='ocrx_word' id='word_1_22' title='bbox 2538 768 2834 831; x_wconf 88' lang='lat' dir='ltr'>candidos</span> 
     </span>
     <span class='ocr_line' id='line_1_4' title="bbox 551 874 2835 957; baseline -0.001 -17"><span class='ocrx_word' id='word_1_23' title='bbox 551 895 744 957; x_wconf 89' lang='lat' dir='ltr'>equos</span> <span class='ocrx_word' id='word_1_24' title='bbox 803 880 914 941; x_wconf 90' lang='lat' dir='ltr'>aut</span> <span class='ocrx_word' id='word_1_25' title='bbox 968 876 1275 940; x_wconf 83' lang='lat' dir='ltr'>immanes</span> <span class='ocrx_word' id='word_1_26' title='bbox 1333 876 1722 956; x_wconf 79' lang='lat' dir='ltr'>elephantOS,</span> <span class='ocrx_word' id='word_1_27' title='bbox 1774 875 1883 939; x_wconf 87' lang='lat' dir='ltr'>sed</span> <span class='ocrx_word' id='word_1_28' title='bbox 1938 874 2116 957; x_wconf 89' lang='lat' dir='ltr'>ipsos</span> <span class='ocrx_word' id='word_1_29' title='bbox 2163 874 2571 957; x_wconf 89' lang='lat' dir='ltr'>potissimum</span> <span class='ocrx_word' id='word_1_30' title='bbox 2618 875 2835 938; x_wconf 88' lang='lat' dir='ltr'>trium-</span> 
     </span>
    </p>

    <p class='ocr_par' dir='ltr' id='par_1_3' title="bbox 445 982 2917 1387">
     <span class='ocr_line' id='line_1_5' title="bbox 445 982 2834 1066; baseline 0.001 -25"><span class='ocrx_word' id='word_1_31' title='bbox 445 990 473 1041; x_wconf 88' lang='lat'><strong>7</strong></span> <span class='ocrx_word' id='word_1_32' title='bbox 548 984 843 1065; x_wconf 87' lang='lat' dir='ltr'>phatores</span> <span class='ocrx_word' id='word_1_33' title='bbox 893 983 1104 1047; x_wconf 78' lang='lat' dir='ltr'>currui</span> <span class='ocrx_word' id='word_1_34' title='bbox 1151 986 1260 1047; x_wconf 92' lang='lat' dir='ltr'>tuo</span> <span class='ocrx_word' id='word_1_35' title='bbox 1313 983 1830 1066; x_wconf 80' lang='lat' dir='ltr'>subiungentem!</span> <span class='ocrx_word' id='word_1_36' title='bbox 1925 982 2030 1045; x_wconf 90' lang='lat' dir='ltr'>hic</span> <span class='ocrx_word' id='word_1_37' title='bbox 2078 985 2178 1045; x_wconf 90' lang='lat' dir='ltr'>est</span> <span class='ocrx_word' id='word_1_38' title='bbox 2222 1001 2413 1045; x_wconf 88' lang='lat' dir='ltr'>uerus</span> <span class='ocrx_word' id='word_1_39' title='bbox 2454 982 2834 1065; x_wconf 79' lang='lat' dir='ltr'>triumphuS,</span> 
     </span>
     <span class='ocr_line' id='line_1_6' title="bbox 551 1087 2917 1154; baseline -0.003 -1"><span class='ocrx_word' id='word_1_40' title='bbox 551 1110 695 1153; x_wconf 91' lang='lat' dir='ltr'>cum</span> <span class='ocrx_word' id='word_1_41' title='bbox 744 1090 1165 1154; x_wconf 80' lang='lat' dir='ltr'>dominatores</span> <span class='ocrx_word' id='word_1_42' title='bbox 1217 1090 1639 1153; x_wconf 76' lang='lat' dir='ltr'>dominantur.</span> <span class='ocrx_word' id='word_1_43' title='bbox 1705 1088 1860 1151; x_wconf 87' lang='lat' dir='ltr'>uicti</span> <span class='ocrx_word' id='word_1_44' title='bbox 1920 1088 2086 1152; x_wconf 89' lang='lat' dir='ltr'>enim</span> <span class='ocrx_word' id='word_1_45' title='bbox 2132 1093 2243 1151; x_wconf 92' lang='lat' dir='ltr'>tua</span> <span class='ocrx_word' id='word_1_46' title='bbox 2288 1088 2529 1152; x_wconf 85' lang='lat' dir='ltr'>uirtute</span> <span class='ocrx_word' id='word_1_47' title='bbox 2576 1106 2648 1151; x_wconf 91' lang='lat' dir='ltr'>ac</span> <span class='ocrx_word' id='word_1_48' title='bbox 2696 1087 2836 1150; x_wconf 87' lang='lat' dir='ltr'>sub-</span> <span class='ocrx_word' id='word_1_49' title='bbox 2896 1103 2917 1147; x_wconf 76' lang='lat'>⁵</span> 
     </span>
     <span class='ocr_line' id='line_1_7' title="bbox 549 1196 2836 1280; baseline -0.001 -19"><span class='ocrx_word' id='word_1_50' title='bbox 549 1199 750 1280; x_wconf 89' lang='lat' dir='ltr'>iugati</span> <span class='ocrx_word' id='word_1_51' title='bbox 799 1200 966 1272; x_wconf 90' lang='lat' dir='ltr'>sunt,</span> <span class='ocrx_word' id='word_1_52' title='bbox 1016 1196 1524 1278; x_wconf 89' lang='lat' dir='ltr'>quandoquidem</span> <span class='ocrx_word' id='word_1_53' title='bbox 1574 1196 1841 1259; x_wconf 88' lang='lat' dir='ltr'>nefanda</span> <span class='ocrx_word' id='word_1_54' title='bbox 1885 1196 2166 1259; x_wconf 88' lang='lat' dir='ltr'>iussione</span> <span class='ocrx_word' id='word_1_55' title='bbox 2215 1199 2577 1278; x_wconf 89' lang='lat' dir='ltr'>contempta</span> <span class='ocrx_word' id='word_1_56' title='bbox 2622 1214 2836 1259; x_wconf 90' lang='lat' dir='ltr'>omnes</span> 
     </span>
     <span class='ocr_line' id='line_1_8' title="bbox 550 1301 2837 1387; baseline -0.002 -19"><span class='ocrx_word' id='word_1_57' title='bbox 550 1311 889 1387; x_wconf 88' lang='lat' dir='ltr'>apparatus</span> <span class='ocrx_word' id='word_1_58' title='bbox 957 1323 1028 1368; x_wconf 89' lang='lat' dir='ltr'>ac</span> <span class='ocrx_word' id='word_1_59' title='bbox 1094 1303 1421 1367; x_wconf 68' lang='lat' dir='ltr'>terriculas</span> <span class='ocrx_word' id='word_1_60' title='bbox 1487 1303 1847 1385; x_wconf 75' lang='lat' dir='ltr'>tyrannicae</span> <span class='ocrx_word' id='word_1_61' title='bbox 1912 1302 2250 1385; x_wconf 86' lang='lat' dir='ltr'>potestatis</span> <span class='ocrx_word' id='word_1_62' title='bbox 2314 1302 2436 1365; x_wconf 88' lang='lat' dir='ltr'>fide</span> <span class='ocrx_word' id='word_1_63' title='bbox 2503 1301 2719 1366; x_wconf 88' lang='lat' dir='ltr'>stabili</span> <span class='ocrx_word' id='word_1_64' title='bbox 2778 1304 2837 1365; x_wconf 90' lang='lat' dir='ltr'>et</span> 
     </span>
    </p>

    <p class='ocr_par' dir='ltr' id='par_1_4' title="bbox 445 1409 2920 1688">
     <span class='ocr_line' id='line_1_9' title="bbox 445 1409 2836 1493; baseline -0.002 -18"><span class='ocrx_word' id='word_1_65' title='bbox 445 1416 476 1468; x_wconf 88' lang='grc'>8</span> <span class='ocrx_word' id='word_1_66' title='bbox 548 1413 769 1475; x_wconf 89' lang='lat' dir='ltr'>robore</span> <span class='ocrx_word' id='word_1_67' title='bbox 817 1411 1010 1474; x_wconf 90' lang='lat' dir='ltr'>animi</span> <span class='ocrx_word' id='word_1_68' title='bbox 1056 1409 1430 1493; x_wconf 88' lang='lat' dir='ltr'>profligasti.</span> <span class='ocrx_word' id='word_1_69' title='bbox 1523 1410 1683 1473; x_wconf 88' lang='lat' dir='ltr'>nihil</span> <span class='ocrx_word' id='word_1_70' title='bbox 1729 1409 2034 1473; x_wconf 88' lang='lat' dir='ltr'>aduersus</span> <span class='ocrx_word' id='word_1_71' title='bbox 2082 1414 2145 1473; x_wconf 93' lang='lat' dir='ltr'>te</span> <span class='ocrx_word' id='word_1_72' title='bbox 2193 1410 2473 1486; x_wconf 87' lang='lat' dir='ltr'>uerbera,</span> <span class='ocrx_word' id='word_1_73' title='bbox 2521 1409 2681 1472; x_wconf 90' lang='lat' dir='ltr'>nihil</span> <span class='ocrx_word' id='word_1_74' title='bbox 2730 1428 2836 1471; x_wconf 92' lang='lat' dir='ltr'>un-</span> 
     </span>
     <span class='ocr_line' id='line_1_10' title="bbox 551 1516 2838 1600; baseline -0.001 -19"><span class='ocrx_word' id='word_1_75' title='bbox 551 1519 757 1598; x_wconf 83' lang='lat' dir='ltr'>gulae,</span> <span class='ocrx_word' id='word_1_76' title='bbox 816 1517 971 1580; x_wconf 89' lang='lat' dir='ltr'>nihil</span> <span class='ocrx_word' id='word_1_77' title='bbox 1025 1518 1212 1600; x_wconf 89' lang='lat' dir='ltr'>ignis,</span> <span class='ocrx_word' id='word_1_78' title='bbox 1277 1517 1433 1580; x_wconf 90' lang='lat' dir='ltr'>nihil</span> <span class='ocrx_word' id='word_1_79' title='bbox 1489 1518 1745 1593; x_wconf 85' lang='lat' dir='ltr'>ferrum,</span> <span class='ocrx_word' id='word_1_80' title='bbox 1796 1516 1955 1579; x_wconf 92' lang='lat' dir='ltr'>nihil</span> <span class='ocrx_word' id='word_1_81' title='bbox 2009 1516 2185 1580; x_wconf 87' lang='lat' dir='ltr'>uaria</span> <span class='ocrx_word' id='word_1_82' title='bbox 2230 1520 2692 1580; x_wconf 88' lang='lat' dir='ltr'>tormentorum</span> <span class='ocrx_word' id='word_1_83' title='bbox 2738 1534 2838 1598; x_wconf 86' lang='lat' dir='ltr'>ge·</span> 
     </span>
     <span class='ocr_line' id='line_1_11' title="bbox 551 1622 2920 1688; baseline -0.002 0"><span class='ocrx_word' id='word_1_84' title='bbox 551 1644 699 1688; x_wconf 92' lang='lat' dir='ltr'>nera</span> <span class='ocrx_word' id='word_1_85' title='bbox 753 1626 1121 1688; x_wconf 89' lang='lat' dir='ltr'>ualuerunt:</span> <span class='ocrx_word' id='word_1_86' title='bbox 1191 1624 1463 1687; x_wconf 80' lang='lat' dir='ltr'>adimere</span> <span class='ocrx_word' id='word_1_87' title='bbox 1518 1624 1639 1687; x_wconf 91' lang='lat' dir='ltr'>tibi</span> <span class='ocrx_word' id='word_1_88' title='bbox 1694 1624 1885 1687; x_wconf 90' lang='lat' dir='ltr'>fidem</span> <span class='ocrx_word' id='word_1_89' title='bbox 1942 1643 2011 1686; x_wconf 87' lang='lat' dir='ltr'>ac</span> <span class='ocrx_word' id='word_1_90' title='bbox 2071 1623 2470 1687; x_wconf 88' lang='lat' dir='ltr'>deuotionem</span> <span class='ocrx_word' id='word_1_91' title='bbox 2519 1623 2696 1686; x_wconf 89' lang='lat' dir='ltr'>nulla</span> <span class='ocrx_word' id='word_1_92' title='bbox 2740 1622 2920 1685; x_wconf 83' lang='lat' dir='ltr'>uis1o</span> 
     </span>
    </p>

    <p class='ocr_par' dir='ltr' id='par_1_5' title="bbox 445 1729 2841 2026">
     <span class='ocr_line' id='line_1_12' title="bbox 445 1729 2836 1814; baseline 0.001 -25"><span class='ocrx_word' id='word_1_93' title='bbox 445 1737 477 1789; x_wconf 88' lang='lat'>9</span> <span class='ocrx_word' id='word_1_94' title='bbox 551 1732 781 1814; x_wconf 86' lang='lat' dir='ltr'>potuit.</span> <span class='ocrx_word' id='word_1_95' title='bbox 875 1731 993 1795; x_wconf 90' lang='lat' dir='ltr'>hoc</span> <span class='ocrx_word' id='word_1_96' title='bbox 1043 1735 1141 1795; x_wconf 90' lang='lat' dir='ltr'>est</span> <span class='ocrx_word' id='word_1_97' title='bbox 1189 1750 1327 1795; x_wconf 88' lang='lat' dir='ltr'>esse</span> <span class='ocrx_word' id='word_1_98' title='bbox 1376 1731 1763 1812; x_wconf 84' lang='lat' dir='ltr'>discipulum</span> <span class='ocrx_word' id='word_1_99' title='bbox 1811 1731 1933 1799; x_wconf 82' lang='lat' dir='ltr'>dei,</span> <span class='ocrx_word' id='word_1_100' title='bbox 1982 1732 2100 1794; x_wconf 90' lang='lat' dir='ltr'>hoc</span> <span class='ocrx_word' id='word_1_101' title='bbox 2140 1734 2238 1793; x_wconf 91' lang='lat' dir='ltr'>est</span> <span class='ocrx_word' id='word_1_102' title='bbox 2273 1730 2542 1793; x_wconf 90' lang='lat' dir='ltr'>militem</span> <span class='ocrx_word' id='word_1_103' title='bbox 2585 1729 2836 1808; x_wconf 84' lang='lat' dir='ltr'>Christi,</span> 
     </span>
     <span class='ocr_line' id='line_1_13' title="bbox 554 1836 2841 1920; baseline -0.002 -18"><span class='ocrx_word' id='word_1_104' title='bbox 554 1859 740 1920; x_wconf 90' lang='lat' dir='ltr'>quem</span> <span class='ocrx_word' id='word_1_105' title='bbox 800 1839 1013 1901; x_wconf 90' lang='lat' dir='ltr'>nullus</span> <span class='ocrx_word' id='word_1_106' title='bbox 1075 1838 1279 1901; x_wconf 88' lang='lat' dir='ltr'>hostis</span> <span class='ocrx_word' id='word_1_107' title='bbox 1339 1842 1675 1920; x_wconf 84' lang='lat' dir='ltr'>expugnet.</span> <span class='ocrx_word' id='word_1_108' title='bbox 1727 1839 1940 1901; x_wconf 88' lang='lat' dir='ltr'>nullus</span> <span class='ocrx_word' id='word_1_109' title='bbox 1996 1839 2188 1918; x_wconf 89' lang='lat' dir='ltr'>lupus</span> <span class='ocrx_word' id='word_1_110' title='bbox 2247 1837 2321 1901; x_wconf 88' lang='lat' dir='ltr'>de</span> <span class='ocrx_word' id='word_1_111' title='bbox 2371 1836 2597 1901; x_wconf 89' lang='lat' dir='ltr'>castris</span> <span class='ocrx_word' id='word_1_112' title='bbox 2646 1836 2841 1900; x_wconf 88' lang='lat' dir='ltr'>caele-</span> 
     </span>
     <span class='ocr_line' id='line_1_14' title="bbox 553 1943 2839 2026; baseline -0.002 -18"><span class='ocrx_word' id='word_1_113' title='bbox 553 1945 759 2009; x_wconf 86' lang='lat' dir='ltr'>stibus</span> <span class='ocrx_word' id='word_1_114' title='bbox 824 1945 1046 2026; x_wconf 89' lang='lat' dir='ltr'>rapiat,</span> <span class='ocrx_word' id='word_1_115' title='bbox 1114 1945 1327 2008; x_wconf 90' lang='lat' dir='ltr'>nullus</span> <span class='ocrx_word' id='word_1_116' title='bbox 1392 1947 1658 2025; x_wconf 86' lang='lat' dir='ltr'>laqueus</span> <span class='ocrx_word' id='word_1_117' title='bbox 1722 1945 2002 2020; x_wconf 89' lang='lat' dir='ltr'>inducat,</span> <span class='ocrx_word' id='word_1_118' title='bbox 2070 1944 2283 2007; x_wconf 85' lang='lat' dir='ltr'>nullus</span> <span class='ocrx_word' id='word_1_119' title='bbox 2361 1943 2538 2007; x_wconf 91' lang='lat' dir='ltr'>dolor</span> <span class='ocrx_word' id='word_1_120' title='bbox 2606 1943 2839 2017; x_wconf 80' lang='lat' dir='ltr'>uincat,</span> 
     </span>
    </p>

    <p class='ocr_par' dir='ltr' id='par_1_6' title="bbox 449 2050 2842 2135">
     <span class='ocr_line' id='line_1_15' title="bbox 449 2050 2842 2135; baseline 0.001 -25"><span class='ocrx_word' id='word_1_121' title='bbox 449 2058 514 2110; x_wconf 93' lang='grc'>10</span> <span class='ocrx_word' id='word_1_122' title='bbox 553 2052 766 2116; x_wconf 89' lang='lat' dir='ltr'>nullus</span> <span class='ocrx_word' id='word_1_123' title='bbox 818 2051 1134 2115; x_wconf 87' lang='lat' dir='ltr'>cruciatus</span> <span class='ocrx_word' id='word_1_124' title='bbox 1184 2052 1445 2135; x_wconf 85' lang='lat' dir='ltr'>affligat.</span> <span class='ocrx_word' id='word_1_125' title='bbox 1541 2051 1807 2133; x_wconf 90' lang='lat' dir='ltr'>denique</span> <span class='ocrx_word' id='word_1_126' title='bbox 1855 2055 2002 2131; x_wconf 87' lang='lat' dir='ltr'>post</span> <span class='ocrx_word' id='word_1_127' title='bbox 2047 2051 2193 2113; x_wconf 88' lang='lat' dir='ltr'>illas</span> <span class='ocrx_word' id='word_1_128' title='bbox 2241 2070 2469 2114; x_wconf 89' lang='lat' dir='ltr'>nouem</span> <span class='ocrx_word' id='word_1_129' title='bbox 2521 2050 2842 2133; x_wconf 90' lang='lat' dir='ltr'>gloriosis-</span> 
     </span>
    </p>

    <p class='ocr_par' dir='ltr' id='par_1_7' title="bbox 448 2157 2921 2348">
     <span class='ocr_line' id='line_1_16' title="bbox 448 2157 2921 2240; baseline -0.003 -16"><span class='ocrx_word' id='word_1_130' title='bbox 448 2191 533 2228; x_wconf 59' lang='lat' dir='ltr'>m,</span> <span class='ocrx_word' id='word_1_131' title='bbox 555 2158 748 2221; x_wconf 89' lang='lat' dir='ltr'>simas</span> <span class='ocrx_word' id='word_1_132' title='bbox 785 2157 787 2239; x_wconf 58' lang='lat' dir='ltr'>l</span> <span class='ocrx_word' id='word_1_133' title='bbox 822 2176 1089 2240; x_wconf 83' lang='lat' dir='ltr'>pugnaS,</span> <span class='ocrx_word' id='word_1_134' title='bbox 1141 2158 1371 2239; x_wconf 91' lang='lat' dir='ltr'>quibus</span> <span class='ocrx_word' id='word_1_135' title='bbox 1421 2177 1455 2220; x_wconf 87' lang='lat' dir='ltr'>a</span> <span class='ocrx_word' id='word_1_136' title='bbox 1503 2161 1564 2221; x_wconf 87' lang='lat' dir='ltr'>te</span> <span class='ocrx_word' id='word_1_137' title='bbox 1614 2159 1879 2220; x_wconf 88' lang='lat' dir='ltr'>zabulus</span> <span class='ocrx_word' id='word_1_138' title='bbox 1926 2159 2140 2220; x_wconf 87' lang='lat' dir='ltr'>uictus</span> <span class='ocrx_word' id='word_1_139' title='bbox 2189 2160 2308 2234; x_wconf 90' lang='lat' dir='ltr'>est,</span> <span class='ocrx_word' id='word_1_140' title='bbox 2348 2176 2469 2220; x_wconf 90' lang='lat' dir='ltr'>non</span> <span class='ocrx_word' id='word_1_141' title='bbox 2514 2160 2613 2220; x_wconf 88' lang='lat' dir='ltr'>est</span> <span class='ocrx_word' id='word_1_142' title='bbox 2651 2175 2841 2220; x_wconf 89' lang='lat' dir='ltr'>ausus</span> <span class='ocrx_word' id='word_1_143' title='bbox 2877 2182 2921 2218; x_wconf 82' lang='lat'>15</span> 
     </span>
     <span class='ocr_line' id='line_1_17' title="bbox 552 2264 2842 2348; baseline -0 -22"><span class='ocrx_word' id='word_1_144' title='bbox 552 2265 823 2328; x_wconf 87' lang='lat' dir='ltr'>ulterius</span> <span class='ocrx_word' id='word_1_145' title='bbox 884 2265 1181 2348; x_wconf 83' lang='lat' dir='ltr'>congredi</span> <span class='ocrx_word' id='word_1_146' title='bbox 1235 2269 1469 2330; x_wconf 89' lang='lat' dir='ltr'>tecum.</span> <span class='ocrx_word' id='word_1_147' title='bbox 1529 2284 1716 2345; x_wconf 88' lang='lat' dir='ltr'>quem</span> <span class='ocrx_word' id='word_1_148' title='bbox 1773 2267 1873 2328; x_wconf 92' lang='lat' dir='ltr'>tot</span> <span class='ocrx_word' id='word_1_149' title='bbox 1925 2264 2185 2345; x_wconf 89' lang='lat' dir='ltr'>proeliis</span> <span class='ocrx_word' id='word_1_150' title='bbox 2237 2266 2528 2344; x_wconf 84' lang='lat' dir='ltr'>expertus</span> <span class='ocrx_word' id='word_1_151' title='bbox 2579 2265 2677 2326; x_wconf 91' lang='lat' dir='ltr'>est</span> <span class='ocrx_word' id='word_1_152' title='bbox 2725 2282 2842 2326; x_wconf 90' lang='lat' dir='ltr'>non</span> 
     </span>
    </p>

    <p class='ocr_par' dir='ltr' id='par_1_8' title="bbox 449 2370 2923 2776">
     <span class='ocr_line' id='line_1_18' title="bbox 449 2370 2843 2453; baseline 0 -22"><span class='ocrx_word' id='word_1_153' title='bbox 449 2379 510 2431; x_wconf 94' lang='lat'>11</span> <span class='ocrx_word' id='word_1_154' title='bbox 551 2389 741 2452; x_wconf 89' lang='lat' dir='ltr'>posse</span> <span class='ocrx_word' id='word_1_155' title='bbox 792 2373 1095 2453; x_wconf 87' lang='lat' dir='ltr'>superari.</span> <span class='ocrx_word' id='word_1_156' title='bbox 1190 2375 1253 2435; x_wconf 90' lang='lat' dir='ltr'>et</span> <span class='ocrx_word' id='word_1_157' title='bbox 1301 2391 1444 2436; x_wconf 91' lang='lat' dir='ltr'>cum</span> <span class='ocrx_word' id='word_1_158' title='bbox 1484 2372 1604 2435; x_wconf 91' lang='lat' dir='ltr'>tibi</span> <span class='ocrx_word' id='word_1_159' title='bbox 1641 2374 1859 2453; x_wconf 86' lang='lat' dir='ltr'>parata</span> <span class='ocrx_word' id='word_1_160' title='bbox 1898 2374 2070 2434; x_wconf 88' lang='lat' dir='ltr'>esset</span> <span class='ocrx_word' id='word_1_161' title='bbox 2104 2371 2334 2434; x_wconf 84' lang='lat' dir='ltr'>uictrix</span> <span class='ocrx_word' id='word_1_162' title='bbox 2372 2389 2617 2446; x_wconf 89' lang='lat' dir='ltr'>corona,</span> <span class='ocrx_word' id='word_1_163' title='bbox 2660 2370 2843 2433; x_wconf 87' lang='lat' dir='ltr'>desiit</span> 
     </span>
     <span class='ocr_line' id='line_1_19' title="bbox 555 2476 2843 2561; baseline -0.001 -19"><span class='ocrx_word' id='word_1_164' title='bbox 555 2479 828 2561; x_wconf 87' lang='lat' dir='ltr'>amplius</span> <span class='ocrx_word' id='word_1_165' title='bbox 876 2498 1238 2561; x_wconf 86' lang='lat' dir='ltr'>prouocare,</span> <span class='ocrx_word' id='word_1_166' title='bbox 1288 2484 1367 2543; x_wconf 82' lang='lat' dir='ltr'>ne&#39;</span> <span class='ocrx_word' id='word_1_167' title='bbox 1411 2480 1536 2543; x_wconf 88' lang='lat' dir='ltr'>iam</span> <span class='ocrx_word' id='word_1_168' title='bbox 1586 2497 1900 2543; x_wconf 84' lang='lat' dir='ltr'>sumeres:</span> <span class='ocrx_word' id='word_1_169' title='bbox 1952 2497 2137 2560; x_wconf 91' lang='lat' dir='ltr'>quam</span> <span class='ocrx_word' id='word_1_170' title='bbox 2177 2478 2330 2541; x_wconf 92' lang='lat' dir='ltr'>licet</span> <span class='ocrx_word' id='word_1_171' title='bbox 2366 2497 2487 2542; x_wconf 92' lang='lat' dir='ltr'>non</span> <span class='ocrx_word' id='word_1_172' title='bbox 2528 2476 2843 2559; x_wconf 85' lang='lat' dir='ltr'>acceperis</span> 
     </span>
     <span class='ocr_line' id='line_1_20' title="bbox 551 2583 2842 2670; baseline -0.001 -23"><span class='ocrx_word' id='word_1_173' title='bbox 551 2585 614 2648; x_wconf 92' lang='lat' dir='ltr'>in</span> <span class='ocrx_word' id='word_1_174' title='bbox 662 2587 998 2668; x_wconf 85' lang='lat' dir='ltr'>praesenti,</span> <span class='ocrx_word' id='word_1_175' title='bbox 1039 2590 1250 2650; x_wconf 89' lang='lat' dir='ltr'>tamen</span> <span class='ocrx_word' id='word_1_176' title='bbox 1295 2587 1544 2670; x_wconf 82' lang='lat' dir='ltr'>integra</span> <span class='ocrx_word' id='word_1_177' title='bbox 1597 2586 1711 2649; x_wconf 88' lang='lat' dir='ltr'>tibi</span> <span class='ocrx_word' id='word_1_178' title='bbox 1756 2605 1867 2668; x_wconf 88' lang='lat' dir='ltr'>pro</span> <span class='ocrx_word' id='word_1_179' title='bbox 1917 2585 2266 2649; x_wconf 86' lang='lat' dir='ltr'>uirtutibus</span> <span class='ocrx_word' id='word_1_180' title='bbox 2315 2585 2445 2647; x_wconf 89' lang='lat' dir='ltr'>tuis</span> <span class='ocrx_word' id='word_1_181' title='bbox 2495 2587 2558 2648; x_wconf 93' lang='lat' dir='ltr'>et</span> <span class='ocrx_word' id='word_1_182' title='bbox 2601 2583 2842 2647; x_wconf 88' lang='lat' dir='ltr'>meritis</span> 
     </span>
     <span class='ocr_line' id='line_1_21' title="bbox 552 2691 2923 2776; baseline -0.001 -22"><span class='ocrx_word' id='word_1_183' title='bbox 552 2692 615 2755; x_wconf 92' lang='lat' dir='ltr'>in</span> <span class='ocrx_word' id='word_1_184' title='bbox 662 2712 854 2776; x_wconf 89' lang='lat' dir='ltr'>regno</span> <span class='ocrx_word' id='word_1_185' title='bbox 905 2692 1144 2756; x_wconf 90' lang='lat' dir='ltr'>domini</span> <span class='ocrx_word' id='word_1_186' title='bbox 1189 2697 1572 2757; x_wconf 89' lang='lat' dir='ltr'>reseruatur.</span> <span class='ocrx_word' id='word_1_187' title='bbox 1625 2693 1734 2756; x_wconf 87' lang='lat' dir='ltr'>sed</span> <span class='ocrx_word' id='word_1_188' title='bbox 1782 2692 2113 2756; x_wconf 89' lang='lat' dir='ltr'>redeamus</span> <span class='ocrx_word' id='word_1_189' title='bbox 2163 2691 2240 2754; x_wconf 86' lang='lat' dir='ltr'>ad</span> <span class='ocrx_word' id='word_1_190' title='bbox 2290 2691 2567 2755; x_wconf 89' lang='lat' dir='ltr'>ordinem</span> <span class='ocrx_word' id='word_1_191' title='bbox 2616 2711 2843 2755; x_wconf 91' lang='lat' dir='ltr'>rerum.</span> <span class='ocrx_word' id='word_1_192' title='bbox 2879 2714 2923 2752; x_wconf 77' lang='lat'>20</span> 
     </span>
    </p>

    <p class='ocr_par' dir='ltr' id='par_1_9' title="bbox 452 2798 2847 3094">
     <span class='ocr_line' id='line_1_22' title="bbox 452 2798 2845 2882; baseline 0 -24"><span class='ocrx_word' id='word_1_193' title='bbox 452 2808 477 2858; x_wconf 94' lang='lat'>1</span> <span class='ocrx_word' id='word_1_194' title='bbox 649 2801 750 2864; x_wconf 87' lang='lat'>17.</span> <span class='ocrx_word' id='word_1_195' title='bbox 842 2799 979 2864; x_wconf 89' lang='lat' dir='ltr'>Hoc</span> <span class='ocrx_word' id='word_1_196' title='bbox 1039 2799 1238 2882; x_wconf 87' lang='lat' dir='ltr'>igitur</span> <span class='ocrx_word' id='word_1_197' title='bbox 1293 2800 1527 2863; x_wconf 89' lang='lat' dir='ltr'>scelere</span> <span class='ocrx_word' id='word_1_198' title='bbox 1585 2802 1942 2882; x_wconf 87' lang='lat' dir='ltr'>perpetrato</span> <span class='ocrx_word' id='word_1_199' title='bbox 1999 2799 2461 2874; x_wconf 79' lang='lat' dir='ltr'>Diocletianus,</span> <span class='ocrx_word' id='word_1_200' title='bbox 2520 2817 2665 2861; x_wconf 89' lang='lat' dir='ltr'>cum</span> <span class='ocrx_word' id='word_1_201' title='bbox 2721 2798 2845 2860; x_wconf 90' lang='lat' dir='ltr'>iam</span> 
     </span>
     <span class='ocr_line' id='line_1_23' title="bbox 554 2904 2846 2987; baseline -0.001 -19"><span class='ocrx_word' id='word_1_202' title='bbox 554 2904 826 2969; x_wconf 83' lang='lat' dir='ltr'>felicitas</span> <span class='ocrx_word' id='word_1_203' title='bbox 894 2906 970 2969; x_wconf 89' lang='lat' dir='ltr'>ab</span> <span class='ocrx_word' id='word_1_204' title='bbox 1039 2925 1111 2970; x_wconf 92' lang='lat' dir='ltr'>eo</span> <span class='ocrx_word' id='word_1_205' title='bbox 1177 2907 1571 2983; x_wconf 85' lang='lat' dir='ltr'>recessisset,</span> <span class='ocrx_word' id='word_1_206' title='bbox 1627 2907 1899 2987; x_wconf 83' lang='lat' dir='ltr'>perrexit</span> <span class='ocrx_word' id='word_1_207' title='bbox 1960 2906 2178 2969; x_wconf 89' lang='lat' dir='ltr'>statim</span> <span class='ocrx_word' id='word_1_208' title='bbox 2233 2906 2521 2982; x_wconf 85' lang='lat' dir='ltr'>Romam,</span> <span class='ocrx_word' id='word_1_209' title='bbox 2577 2907 2652 2967; x_wconf 88' lang='lat' dir='ltr'>ut</span> <span class='ocrx_word' id='word_1_210' title='bbox 2717 2905 2846 2967; x_wconf 90' lang='lat' dir='ltr'>illic</span> 
     </span>
     <span class='ocr_line' id='line_1_24' title="bbox 555 3011 2847 3094; baseline 0 -20"><span class='ocrx_word' id='word_1_211' title='bbox 555 3012 979 3075; x_wconf 89' lang='lat' dir='ltr'>uicennalium</span> <span class='ocrx_word' id='word_1_212' title='bbox 1040 3012 1204 3076; x_wconf 90' lang='lat' dir='ltr'>diem</span> <span class='ocrx_word' id='word_1_213' title='bbox 1264 3013 1629 3090; x_wconf 86' lang='lat' dir='ltr'>celebraret,</span> <span class='ocrx_word' id='word_1_214' title='bbox 1680 3013 1789 3094; x_wconf 91' lang='lat' dir='ltr'>qui</span> <span class='ocrx_word' id='word_1_215' title='bbox 1848 3015 1982 3076; x_wconf 90' lang='lat' dir='ltr'>erat</span> <span class='ocrx_word' id='word_1_216' title='bbox 2036 3013 2291 3076; x_wconf 90' lang='lat' dir='ltr'>futurus</span> <span class='ocrx_word' id='word_1_217' title='bbox 2341 3031 2395 3076; x_wconf 89' lang='lat' dir='ltr'>a.</span> <span class='ocrx_word' id='word_1_218' title='bbox 2447 3012 2504 3075; x_wconf 90' lang='lat' dir='ltr'>d.</span> <span class='ocrx_word' id='word_1_219' title='bbox 2556 3011 2847 3075; x_wconf 90' lang='lat' dir='ltr'>duodeci-</span> 
     </span>
    </p>

    <p class='ocr_par' dir='ltr' id='par_1_10' title="bbox 451 3118 2928 3415">
     <span class='ocr_line' id='line_1_25' title="bbox 451 3118 2848 3200; baseline 0 -19"><span class='ocrx_word' id='word_1_220' title='bbox 451 3129 483 3180; x_wconf 83' lang='lat'><strong>2</strong></span> <span class='ocrx_word' id='word_1_221' title='bbox 555 3139 730 3182; x_wconf 91' lang='lat' dir='ltr'>mum</span> <span class='ocrx_word' id='word_1_222' title='bbox 803 3119 1124 3182; x_wconf 86' lang='lat' dir='ltr'>Kalendas</span> <span class='ocrx_word' id='word_1_223' title='bbox 1200 3120 1609 3183; x_wconf 82' lang='lat' dir='ltr'>Decembres,</span> <span class='ocrx_word' id='word_1_224' title='bbox 1713 3120 1943 3200; x_wconf 89' lang='lat' dir='ltr'>quibus</span> <span class='ocrx_word' id='word_1_225' title='bbox 2024 3118 2442 3183; x_wconf 90' lang='lat' dir='ltr'>sollemnibus</span> <span class='ocrx_word' id='word_1_226' title='bbox 2518 3118 2848 3182; x_wconf 88' lang='lat' dir='ltr'>celebratis</span> 
     </span>
     <span class='ocr_line' id='line_1_26' title="bbox 557 3224 2928 3308; baseline 0.001 -21"><span class='ocrx_word' id='word_1_227' title='bbox 557 3245 700 3288; x_wconf 91' lang='lat' dir='ltr'>cum</span> <span class='ocrx_word' id='word_1_228' title='bbox 746 3225 1109 3289; x_wconf 87' lang='lat' dir='ltr'>libertatem</span> <span class='ocrx_word' id='word_1_229' title='bbox 1155 3227 1375 3308; x_wconf 86' lang='lat' dir='ltr'>populi</span> <span class='ocrx_word' id='word_1_230' title='bbox 1421 3226 1687 3290; x_wconf 83' lang='lat' dir='ltr'>Romani</span> <span class='ocrx_word' id='word_1_231' title='bbox 1733 3226 1892 3289; x_wconf 81' lang='lat' dir='ltr'>ferre</span> <span class='ocrx_word' id='word_1_232' title='bbox 1940 3244 2059 3288; x_wconf 90' lang='lat' dir='ltr'>non</span> <span class='ocrx_word' id='word_1_233' title='bbox 2099 3228 2368 3307; x_wconf 87' lang='lat' dir='ltr'>poterat,</span> <span class='ocrx_word' id='word_1_234' title='bbox 2409 3224 2748 3307; x_wconf 90' lang='lat' dir='ltr'>impatiens</span> <span class='ocrx_word' id='word_1_235' title='bbox 2788 3228 2850 3288; x_wconf 88' lang='lat' dir='ltr'>et</span> <span class='ocrx_word' id='word_1_236' title='bbox 2882 3249 2928 3290; x_wconf 77' lang='lat'>25</span> 
     </span>
     <span class='ocr_line' id='line_1_27' title="bbox 555 3331 2847 3415; baseline 0 -21"><span class='ocrx_word' id='word_1_237' title='bbox 555 3350 741 3415; x_wconf 91' lang='lat' dir='ltr'>aeger</span> <span class='ocrx_word' id='word_1_238' title='bbox 779 3332 971 3395; x_wconf 87' lang='lat' dir='ltr'>animi</span> <span class='ocrx_word' id='word_1_239' title='bbox 1008 3333 1293 3414; x_wconf 90' lang='lat' dir='ltr'>prorupit</span> <span class='ocrx_word' id='word_1_240' title='bbox 1332 3352 1403 3396; x_wconf 81' lang='lat' dir='ltr'>ex</span> <span class='ocrx_word' id='word_1_241' title='bbox 1441 3333 1595 3396; x_wconf 89' lang='lat' dir='ltr'>urbe</span> <span class='ocrx_word' id='word_1_242' title='bbox 1634 3332 2146 3415; x_wconf 89' lang='lat' dir='ltr'>impendentibus</span> <span class='ocrx_word' id='word_1_243' title='bbox 2174 3331 2481 3395; x_wconf 87' lang='lat' dir='ltr'>Kalendis</span> <span class='ocrx_word' id='word_1_244' title='bbox 2519 3332 2847 3403; x_wconf 88' lang='lat' dir='ltr'>Ianuariis,</span> 
     </span>
    </p>
   </div>
   <div class='ocr_carea' id='block_1_3' title="bbox 557 3540 2848 3700">
    <p class='ocr_par' dir='ltr' id='par_1_11' title="bbox 557 3540 2848 3700">
     <span class='ocr_line' id='line_1_28' title="bbox 732 3540 2848 3609; baseline 0 -16"><span class='ocrx_word' id='word_1_245' title='bbox 732 3540 933 3595; x_wconf 83' lang='lat' dir='ltr'><strong><em>LOGI</em></strong></span> <span class='ocrx_word' id='word_1_246' title='bbox 962 3541 1422 3595; x_wconf 82' lang='lat' dir='ltr'><strong><em>AVCTORVM</em></strong></span> <span class='ocrx_word' id='word_1_247' title='bbox 1455 3541 2069 3595; x_wconf 84' lang='lat' dir='ltr'><strong><em>EXPILATORVM</em></strong></span> <span class='ocrx_word' id='word_1_248' title='bbox 2102 3540 2446 3593; x_wconf 78' lang='lat' dir='ltr'><strong><em>SIMILES</em></strong></span> <span class='ocrx_word' id='word_1_249' title='bbox 2519 3541 2629 3609; x_wconf 70' lang='lat' dir='ltr'>ls]</span> <span class='ocrx_word' id='word_1_250' title='bbox 2652 3541 2848 3594; x_wconf 84' lang='lat' dir='ltr'>Minue.</span> 
     </span>
     <span class='ocr_line' id='line_1_29' title="bbox 557 3629 1493 3700; baseline 0.002 -17"><span class='ocrx_word' id='word_1_251' title='bbox 557 3648 599 3683; x_wconf 92' lang='lat' dir='ltr'>c.</span> <span class='ocrx_word' id='word_1_252' title='bbox 640 3632 725 3685; x_wconf 88' lang='lat'>37.</span> <span class='ocrx_word' id='word_1_253' title='bbox 770 3631 817 3685; x_wconf 94' lang='grc'>1.</span> <span class='ocrx_word' id='word_1_254' title='bbox 859 3629 1105 3699; x_wconf 80' lang='lat' dir='ltr'>Cyprian.</span> <span class='ocrx_word' id='word_1_255' title='bbox 1144 3630 1320 3700; x_wconf 88' lang='lat' dir='ltr'>Epist.</span> <span class='ocrx_word' id='word_1_256' title='bbox 1359 3631 1407 3682; x_wconf 90' lang='lat' dir='ltr'>X</span> <span class='ocrx_word' id='word_1_257' title='bbox 1444 3633 1493 3685; x_wconf 82' lang='lat'>2.</span> 
     </span>
    </p>
   </div>
   <div class='ocr_carea' id='block_1_4' title="bbox 556 3771 2859 4463">
    <p class='ocr_par' dir='ltr' id='par_1_12' title="bbox 556 3771 2859 4463">
     <span class='ocr_line' id='line_1_30' title="bbox 631 3771 2850 3841; baseline -0.001 -16"><span class='ocrx_word' id='word_1_258' title='bbox 631 3773 655 3825; x_wconf 95' lang='lat'>1</span> <span class='ocrx_word' id='word_1_259' title='bbox 698 3774 823 3826; x_wconf 89' lang='lat' dir='ltr'>illut</span> <span class='ocrx_word' id='word_1_260' title='bbox 868 3772 912 3823; x_wconf 81' lang='grc' dir='ltr'><em>Ο</em></span> <span class='ocrx_word' id='word_1_261' title='bbox 985 3774 1016 3827; x_wconf 89' lang='lat'><strong>3</strong></span> <span class='ocrx_word' id='word_1_262' title='bbox 1054 3780 1261 3825; x_wconf 81' lang='lat' dir='ltr'>imanes</span> <span class='ocrx_word' id='word_1_263' title='bbox 1303 3772 1568 3825; x_wconf 87' lang='lat' dir='ltr'>elefantos</span> <span class='ocrx_word' id='word_1_264' title='bbox 1616 3772 1660 3824; x_wconf 79' lang='lat' dir='ltr'><em>C</em></span> <span class='ocrx_word' id='word_1_265' title='bbox 1728 3774 1762 3825; x_wconf 89' lang='grc'>4</span> <span class='ocrx_word' id='word_1_266' title='bbox 1794 3772 2212 3841; x_wconf 86' lang='lat' dir='ltr'>subiungentem</span> <span class='ocrx_word' id='word_1_267' title='bbox 2242 3771 2369 3824; x_wconf 75' lang='lat' dir='ltr'>Nic.</span> <span class='ocrx_word' id='word_1_268' title='bbox 2409 3771 2698 3836; x_wconf 70' lang='lat' dir='ltr'>HeinsiuS,</span> <span class='ocrx_word' id='word_1_269' title='bbox 2727 3771 2850 3823; x_wconf 87' lang='lat' dir='ltr'>sub·</span> 
     </span>
     <span class='ocr_line' id='line_1_31' title="bbox 557 3858 2853 3931; baseline -0.001 -16"><span class='ocrx_word' id='word_1_270' title='bbox 557 3864 834 3931; x_wconf 89' lang='lat' dir='ltr'>iugantem</span> <span class='ocrx_word' id='word_1_271' title='bbox 857 3861 901 3914; x_wconf 81' lang='lat' dir='ltr'><strong><em>G</em></strong></span> <span class='ocrx_word' id='word_1_272' title='bbox 971 3865 1002 3916; x_wconf 89' lang='grc'><strong>6</strong></span> <span class='ocrx_word' id='word_1_273' title='bbox 1043 3863 1214 3915; x_wconf 89' lang='lat' dir='ltr'>omnis</span> <span class='ocrx_word' id='word_1_274' title='bbox 1244 3862 1302 3929; x_wconf 82' lang='lat' dir='ltr'>C,</span> <span class='ocrx_word' id='word_1_275' title='bbox 1333 3880 1467 3915; x_wconf 79' lang='lat' dir='ltr'>corr.</span> <span class='ocrx_word' id='word_1_276' title='bbox 1491 3863 1608 3914; x_wconf 80' lang='lat' dir='ltr'>Bal</span> <span class='ocrx_word' id='word_1_277' title='bbox 1682 3862 1713 3915; x_wconf 79' lang='lat'>8</span> <span class='ocrx_word' id='word_1_278' title='bbox 1744 3879 1834 3930; x_wconf 75' lang='lat' dir='ltr'>pr.</span> <span class='ocrx_word' id='word_1_279' title='bbox 1866 3862 2035 3915; x_wconf 89' lang='lat' dir='ltr'>nichil</span> <span class='ocrx_word' id='word_1_280' title='bbox 2063 3861 2121 3928; x_wconf 85' lang='lat' dir='ltr'>C,</span> <span class='ocrx_word' id='word_1_281' title='bbox 2148 3862 2226 3914; x_wconf 78' lang='lat' dir='ltr'>sic</span> <span class='ocrx_word' id='word_1_282' title='bbox 2254 3877 2417 3928; x_wconf 79' lang='lat' dir='ltr'>saepe</span> <span class='ocrx_word' id='word_1_283' title='bbox 2493 3861 2557 3913; x_wconf 87' lang='lat'>13</span> <span class='ocrx_word' id='word_1_284' title='bbox 2585 3861 2760 3913; x_wconf 90' lang='lat' dir='ltr'>uincit</span> <span class='ocrx_word' id='word_1_285' title='bbox 2795 3858 2853 3925; x_wconf 81' lang='lat'>0,</span> 
     </span>
     <span class='ocr_line' id='line_1_32' title="bbox 557 3939 2853 4019; baseline -0.002 -15"><span class='ocrx_word' id='word_1_286' title='bbox 557 3967 693 4004; x_wconf 70' lang='lat' dir='ltr'>corr.</span> <span class='ocrx_word' id='word_1_287' title='bbox 734 3952 851 4003; x_wconf 75' lang='lat' dir='ltr'>Bal</span> <span class='ocrx_word' id='word_1_288' title='bbox 928 3952 992 4003; x_wconf 85' lang='lat'>14</span> <span class='ocrx_word' id='word_1_289' title='bbox 1032 3952 1368 4019; x_wconf 67' lang='lat' dir='ltr'>glorissimas</span> <span class='ocrx_word' id='word_1_290' title='bbox 1406 3951 1451 4004; x_wconf 87' lang='lat' dir='ltr'><em>C</em></span> <span class='ocrx_word' id='word_1_291' title='bbox 1541 3953 1606 4004; x_wconf 83' lang='lat'>15</span> <span class='ocrx_word' id='word_1_292' title='bbox 1648 3951 1853 4003; x_wconf 89' lang='lat' dir='ltr'>zabulis</span> <span class='ocrx_word' id='word_1_293' title='bbox 1889 3950 1947 4017; x_wconf 82' lang='lat' dir='ltr'>C,</span> <span class='ocrx_word' id='word_1_294' title='bbox 1980 3967 2113 4004; x_wconf 82' lang='lat' dir='ltr'>corr.</span> <span class='ocrx_word' id='word_1_295' title='bbox 2144 3951 2291 4016; x_wconf 75' lang='lat' dir='ltr'>Bal5</span> <span class='ocrx_word' id='word_1_296' title='bbox 2329 3951 2397 4016; x_wconf 83' lang='lat' dir='ltr'>ef.</span> <span class='ocrx_word' id='word_1_297' title='bbox 2431 3949 2509 4001; x_wconf 84' lang='lat' dir='ltr'>ad</span> <span class='ocrx_word' id='word_1_298' title='bbox 2526 3966 2587 4016; x_wconf 75' lang='lat' dir='ltr'>p.</span> <span class='ocrx_word' id='word_1_299' title='bbox 2615 3939 2745 4015; x_wconf 79' lang='lat'>189,</span> <span class='ocrx_word' id='word_1_300' title='bbox 2777 3952 2853 4001; x_wconf 71' lang='lat'>23</span> 
     </span>
     <span class='ocr_line' id='line_1_33' title="bbox 560 4026 2849 4111; baseline -0.001 -18"><span class='ocrx_word' id='word_1_301' title='bbox 560 4043 623 4094; x_wconf 86' lang='lat'>17</span> <span class='ocrx_word' id='word_1_302' title='bbox 665 4058 913 4111; x_wconf 89' lang='lat' dir='ltr'>superare</span> <span class='ocrx_word' id='word_1_303' title='bbox 959 4041 1004 4094; x_wconf 83' lang='lat'><em>0</em></span> <span class='ocrx_word' id='word_1_304' title='bbox 1040 4041 1289 4106; x_wconf 70' lang='lat' dir='ltr'>(recte22),</span> <span class='ocrx_word' id='word_1_305' title='bbox 1331 4057 1465 4093; x_wconf 82' lang='lat' dir='ltr'>corr.</span> <span class='ocrx_word' id='word_1_306' title='bbox 1506 4041 1624 4093; x_wconf 77' lang='lat' dir='ltr'>Bal</span> <span class='ocrx_word' id='word_1_307' title='bbox 1733 4042 1800 4094; x_wconf 79' lang='lat'>20</span> <span class='ocrx_word' id='word_1_308' title='bbox 1840 4040 1927 4092; x_wconf 90' lang='lat' dir='ltr'>dei</span> <span class='ocrx_word' id='word_1_309' title='bbox 1964 4041 2082 4092; x_wconf 80' lang='lat' dir='ltr'>Bal</span> <span class='ocrx_word' id='word_1_310' title='bbox 2203 4041 2270 4092; x_wconf 79' lang='lat'>23</span> <span class='ocrx_word' id='word_1_311' title='bbox 2312 4039 2378 4091; x_wconf 88' lang='lat' dir='ltr'>ad</span> <span class='ocrx_word' id='word_1_312' title='bbox 2416 4039 2538 4092; x_wconf 88' lang='lat' dir='ltr'>XII.</span> <span class='ocrx_word' id='word_1_313' title='bbox 2579 4039 2655 4091; x_wconf 57' lang='lat' dir='ltr'>kl.</span> <span class='ocrx_word' id='word_1_314' title='bbox 2687 4026 2849 4092; x_wconf 61' lang='lat' dir='ltr'>DUB.</span> 
     </span>
     <span class='ocr_line' id='line_1_34' title="bbox 564 4120 2853 4198; baseline -0.001 -16"><span class='ocrx_word' id='word_1_315' title='bbox 564 4129 633 4196; x_wconf 83' lang='grc'>0,·</span> <span class='ocrx_word' id='word_1_316' title='bbox 659 4129 756 4182; x_wconf 91' lang='lat' dir='ltr'>XV</span> <span class='ocrx_word' id='word_1_317' title='bbox 786 4129 964 4193; x_wconf 82' lang='lat' dir='ltr'>Seeck,</span> <span class='ocrx_word' id='word_1_318' title='bbox 1001 4130 1189 4183; x_wconf 80' lang='lat' dir='ltr'>Gesch.</span> <span class='ocrx_word' id='word_1_319' title='bbox 1221 4130 1270 4182; x_wconf 80' lang='lat' dir='ltr'>d.</span> <span class='ocrx_word' id='word_1_320' title='bbox 1313 4129 1657 4198; x_wconf 64' lang='lat' dir='ltr'>Untergyanys</span> <span class='ocrx_word' id='word_1_321' title='bbox 1684 4128 1733 4181; x_wconf 81' lang='lat' dir='ltr'>d.</span> <span class='ocrx_word' id='word_1_322' title='bbox 1768 4130 1993 4181; x_wconf 76' lang='lat' dir='ltr'>antiken</span> <span class='ocrx_word' id='word_1_323' title='bbox 2021 4129 2163 4182; x_wconf 81' lang='lat' dir='ltr'>Wezt</span> <span class='ocrx_word' id='word_1_324' title='bbox 2192 4129 2242 4182; x_wconf 90' lang='grc' dir='ltr'>Ι.</span> <span class='ocrx_word' id='word_1_325' title='bbox 2274 4120 2420 4180; x_wconf 58' lang='lat' dir='ltr'>Aah.</span> <span class='ocrx_word' id='word_1_326' title='bbox 2443 4145 2503 4194; x_wconf 83' lang='lat' dir='ltr'>p.</span> <span class='ocrx_word' id='word_1_327' title='bbox 2541 4131 2659 4180; x_wconf 78' lang='lat'>409</span> <span class='ocrx_word' id='word_1_328' title='bbox 2689 4128 2853 4192; x_wconf 78' lang='lat' dir='ltr'>(conl.</span> 
     </span>
     <span class='ocr_line' id='line_1_35' title="bbox 556 4215 2856 4284; baseline -0.003 -12"><span class='ocrx_word' id='word_1_329' title='bbox 556 4219 757 4272; x_wconf 78' lang='lat' dir='ltr'>Euseb.</span> <span class='ocrx_word' id='word_1_330' title='bbox 796 4225 960 4273; x_wconf 81' lang='lat' dir='ltr'>mart.</span> <span class='ocrx_word' id='word_1_331' title='bbox 991 4220 1120 4274; x_wconf 76' lang='lat' dir='ltr'>Pal.</span> <span class='ocrx_word' id='word_1_332' title='bbox 1161 4219 1203 4270; x_wconf 91' lang='lat' dir='ltr'><em>I</em></span> <span class='ocrx_word' id='word_1_333' title='bbox 1241 4218 1423 4270; x_wconf 89' lang='lat' dir='ltr'><em>5-II</em></span> <span class='ocrx_word' id='word_1_334' title='bbox 1453 4221 1542 4284; x_wconf 81' lang='lat'>4),·</span> <span class='ocrx_word' id='word_1_335' title='bbox 1574 4218 1651 4269; x_wconf 81' lang='lat' dir='ltr'>ad</span> <span class='ocrx_word' id='word_1_336' title='bbox 1680 4217 1748 4269; x_wconf 92' lang='lat' dir='ltr'>ad</span> <span class='ocrx_word' id='word_1_337' title='bbox 1779 4218 1883 4280; x_wconf 79' lang='lat' dir='ltr'>(sic</span> <span class='ocrx_word' id='word_1_338' title='bbox 1910 4216 2219 4284; x_wconf 73' lang='lat' dir='ltr'>LeNourry</span> <span class='ocrx_word' id='word_1_339' title='bbox 2249 4234 2368 4269; x_wconf 83' lang='lat' dir='ltr'>eum</span> <span class='ocrx_word' id='word_1_340' title='bbox 2397 4217 2543 4283; x_wconf 78' lang='lat' dir='ltr'>Bal)</span> <span class='ocrx_word' id='word_1_341' title='bbox 2571 4215 2856 4268; x_wconf 75' lang='lat' dir='ltr'>Bentleius</span> 
     </span>
     <span class='ocr_line' id='line_1_36' title="bbox 559 4303 2858 4375; baseline -0.002 -15"><span class='ocrx_word' id='word_1_342' title='bbox 559 4312 684 4361; x_wconf 88' lang='lat' dir='ltr'>ante</span> <span class='ocrx_word' id='word_1_343' title='bbox 724 4306 864 4359; x_wconf 89' lang='lat' dir='ltr'>diem</span> <span class='ocrx_word' id='word_1_344' title='bbox 909 4323 1048 4359; x_wconf 80' lang='lat' dir='ltr'>ascr.</span> <span class='ocrx_word' id='word_1_345' title='bbox 1124 4309 1191 4360; x_wconf 80' lang='lat'>24</span> <span class='ocrx_word' id='word_1_346' title='bbox 1232 4307 1566 4375; x_wconf 76' lang='lat' dir='ltr'>sollepnibus</span> <span class='ocrx_word' id='word_1_347' title='bbox 1610 4305 1652 4357; x_wconf 82' lang='lat' dir='ltr'><em>C</em></span> <span class='ocrx_word' id='word_1_348' title='bbox 1767 4307 1834 4358; x_wconf 74' lang='lat'>25</span> <span class='ocrx_word' id='word_1_349' title='bbox 1876 4322 1992 4357; x_wconf 87' lang='lat' dir='ltr'>cum</span> <span class='ocrx_word' id='word_1_350' title='bbox 2034 4308 2126 4370; x_wconf 83' lang='lat' dir='ltr'>(cu</span> <span class='ocrx_word' id='word_1_351' title='bbox 2170 4306 2261 4373; x_wconf 88' lang='lat' dir='ltr'>C)]</span> <span class='ocrx_word' id='word_1_352' title='bbox 2306 4304 2449 4372; x_wconf 87' lang='lat' dir='ltr'>quod</span> <span class='ocrx_word' id='word_1_353' title='bbox 2495 4305 2727 4366; x_wconf 78' lang='lat' dir='ltr'>Tollius,</span> <span class='ocrx_word' id='word_1_354' title='bbox 2764 4303 2858 4357; x_wconf 78' lang='lat' dir='ltr'>sed</span> 
     </span>
     <span class='ocr_line' id='line_1_37' title="bbox 560 4392 2859 4463; baseline -0.003 -14"><span class='ocrx_word' id='word_1_355' title='bbox 560 4397 629 4462; x_wconf 88' lang='lat' dir='ltr'>cf.</span> <span class='ocrx_word' id='word_1_356' title='bbox 672 4396 750 4448; x_wconf 81' lang='lat' dir='ltr'>ad</span> <span class='ocrx_word' id='word_1_357' title='bbox 774 4413 837 4463; x_wconf 74' lang='lat' dir='ltr'>p.</span> <span class='ocrx_word' id='word_1_358' title='bbox 877 4398 1007 4461; x_wconf 80' lang='lat'>183,</span> <span class='ocrx_word' id='word_1_359' title='bbox 1037 4399 1067 4447; x_wconf 88' lang='lat'><em>1</em></span> <span class='ocrx_word' id='word_1_360' title='bbox 1096 4412 1135 4449; x_wconf 86' lang='lat'>8.</span> <span class='ocrx_word' id='word_1_361' title='bbox 1247 4395 1503 4448; x_wconf 84' lang='lat' dir='ltr'>libertate</span> <span class='ocrx_word' id='word_1_362' title='bbox 1550 4395 1607 4461; x_wconf 75' lang='lat' dir='ltr'>C,</span> <span class='ocrx_word' id='word_1_363' title='bbox 1648 4410 1786 4447; x_wconf 82' lang='lat' dir='ltr'>corr.</span> <span class='ocrx_word' id='word_1_364' title='bbox 1827 4395 1945 4446; x_wconf 84' lang='lat' dir='ltr'>Bal</span> <span class='ocrx_word' id='word_1_365' title='bbox 2018 4394 2085 4447; x_wconf 81' lang='lat'>26</span> <span class='ocrx_word' id='word_1_366' title='bbox 2123 4393 2547 4461; x_wconf 87' lang='lat' dir='ltr'>inpendentibus</span> <span class='ocrx_word' id='word_1_367' title='bbox 2576 4394 2653 4445; x_wconf 69' lang='lat' dir='ltr'>kl.</span> <span class='ocrx_word' id='word_1_368' title='bbox 2685 4393 2781 4445; x_wconf 69' lang='lat' dir='ltr'>iar.</span> <span class='ocrx_word' id='word_1_369' title='bbox 2817 4392 2859 4443; x_wconf 90' lang='lat' dir='ltr'><em>C</em></span> 
     </span>
    </p>
   </div>
  </div>
 </body>
</html>
