3132 5043
445 384 575 446 304

520 575 637 637 185,
708 576 967 635 10-186,
1042 575 1122 629 10.
1197 575 1589 644 persecutionis

518 665 690 725 initia,
729 664 861 719 ibid.
898 664 1014 727 186,
1049 664 1309 727 11-187,
1345 666 1424 717 14.
1465 682 1588 733 pro·

518 769 750 821 gressus,
815 752 946 806 ibid.
1008 754 1128 816 187,
1187 754 1446 815 15-190,
1504 755 1589 806 21.

519 840 683 893 filiam
715 841 987 894 Valeriam
1026 843 1415 910 coniugemque
1444 842 1590 894 Pris-

520 947 635 983 cam
684 930 948 982 sacrificio
996 931 1169 1000 pollui
1216 932 1412 999 coegit,
1458 931 1591 986 ibid.

522 1018 639 1080 188,
692 1019 773 1071 12.
831 1018 1207 1073 Diocletianus
1256 1020 1590 1072 consulatum

1498 379 1736 433 Index

1716 578 1828 644 pta,
1861 576 2116 635 extincta,
2144 573 2278 629 ibid.
2310 575 2430 638 237,
2461 575 2508 627 9.
2545 578 2792 644 tempore

1715 664 2075 717 uicennalium
2101 663 2476 729 (Diocletiani)
2502 679 2637 731 gens
2666 664 2793 716 bar·

1717 752 1848 806 bara
1904 769 1935 805 a
1992 751 2185 805 Gothis
2247 752 2407 821 pulsa
2467 753 2794 806 Maximiano

1722 840 1983 910 (Galerio)
2021 858 2078 894 se
2108 840 2353 903 tradidit,
2390 841 2520 895 ibid.
2552 843 2674 907 218,
2711 843 2792 895 15.

1648 930 2013 984 Dinomachus
2062 929 2127 982 de
2174 946 2378 982 summo
2426 929 2566 983 bono
2603 931 2632 983 Ι
2674 932 2796 992 191,

1723 1021 1769 1072 7.
1813 1021 1931 1081 194,
1974 1020 2057 1071 19.
2099 1019 2217 1080 702,
2261 1019 2343 1071 19.

522 1110 772 1159 octauum
813 1108 945 1175 agit,
975 1106 1105 1161 ibid.
1142 1108 1258 1170 186,
1293 1110 1375 1161 17.
1414 1109 1595 1176 pergit
1651 1106 1920 1161 Diodorus
1961 1107 2221 1174 (Siculus)
2261 1106 2289 1158 Ι
2326 1107 2413 1172 51,
2455 1108 2536 1160 19.

521 1196 766 1253 Romam.
802 1199 864 1249 ut
902 1196 1014 1249 illic
1052 1197 1413 1250 uicennalium
1453 1196 1593 1249 diem

521 1284 836 1345 celebraret,
887 1285 978 1353 qui
1028 1289 1143 1339 erat
1190 1285 1400 1338 futurus
1454 1302 1499 1337 a.
1541 1285 1591 1339 d.

519 1371 625 1424 XII
655 1372 932 1426 Kalendas
958 1374 1298 1437 Decembres,
1319 1372 1452 1429 ibid.
1477 1375 1595 1437 190,

522 1460 607 1512 21.
668 1462 862 1528 quibus
911 1462 1261 1515 sollemnibus
1308 1463 1597 1516 celebratis

522 1565 687 1618 aeger
743 1550 908 1602 animi
964 1553 1265 1620 prorumpit
1320 1568 1380 1604 ex
1446 1552 1594 1613 urbe,

522 1654 664 1689 nono
743 1638 1024 1692 consulatu
1099 1639 1389 1693 Rauennae
1460 1642 1596 1693 inito

1651 1195 1919 1248 Diodorus
1969 1195 2034 1247 de
2081 1212 2287 1247 summo
2338 1193 2481 1247 bono
2519 1194 2546 1247 Ι
2587 1195 2798 1259 191,,8.

1726 1285 1844 1345 194,
1883 1285 1934 1337 4.
1975 1284 2093 1344 702,
2136 1285 2181 1336 7.

1651 1373 1888 1441 Diogeni
1934 1373 2167 1425 seruitus
2216 1375 2471 1425 euenerat
2519 1371 2546 1423 1
2584 1372 2708 1433 259,
2748 1373 2797 1425 6.

1723 1461 1998 1528 Diogenes
2029 1477 2149 1514 cum
2179 1460 2338 1513 choro
2371 1476 2563 1512 canum
2582 1476 2798 1511 suorum

1722 1549 2030 1602 mendicare
2067 1550 2270 1601 uictum
2306 1548 2516 1611 maluit,
2546 1547 2803 1615 idemque

1727 1639 1792 1692 de
1830 1638 2033 1691 uirtute
2072 1638 2100 1691 Ι
2140 1638 2258 1700 710,
2299 1638 2348 1691 8.

524 1728 814 1793 aegrotans
875 1726 1020 1779 redit
1080 1728 1471 1793 Nicomediam,
1536 1733 1600 1783 ut
1652 1727 1948 1795 Dionysius
2006 1726 2221 1779 Siciliae
2277 1730 2533 1795 tyrannus
2573 1725 2802 1779 Graecia

528 1815 725 1867 circum
765 1832 922 1883 quem
951 1815 1153 1868 fecerat
1184 1817 1329 1881 (181,
1359 1820 1413 1884 4)
1446 1818 1597 1871 dedi·

526 1906 690 1967 caret,
720 1903 853 1956 ibid.
877 1935 939 1942 —
968 1906 1084 1968 191,
1107 1908 1155 1958 9.
1185 1908 1598 1975 ingrauescente

527 1991 711 2044 morbo
753 1992 969 2046 demens
1008 1995 1168 2046 certis
1208 1994 1352 2048 horis
1388 2000 1599 2064 postre-

527 2097 613 2132 mo
663 2080 857 2144 factuS,
905 2082 1035 2135 ibid.
1084 2113 1151 2121 —
1205 2085 1322 2143 192,
1376 2085 1423 2135 2.
1485 2084 1599 2136 eius

530 2168 859 2237 colloquium
899 2187 1017 2223 cum
1055 2171 1376 2224 Maximiano
1416 2171 1599 2236 (Gale-

526 2257 649 2323 rio),
699 2274 804 2326 quo
854 2258 920 2310 ab
968 2260 1071 2312 hoc
1118 2261 1332 2328 cogitur
1376 2261 1600 2329 imperio

532 2345 719 2398 cedere
760 2350 922 2415 atque
963 2350 1219 2401 Seuerum
1264 2352 1318 2401 et
1355 2349 1598 2403 Maximi·

529 2449 657 2485 num
701 2434 955 2487 Caesares
993 2437 1284 2498 nominare,
1316 2437 1448 2491 ibid.
1483 2439 1600 2501 192,

1724 1816 1932 1885 potitus
1973 1818 2057 1868 est
2094 1814 2121 1867 Ι
2154 1815 2269 1877 110,
2305 1816 2386 1869 13.
2426 1815 2547 1877 692,
2579 1816 2627 1867 7.
2671 1813 2800 1865 deos

1728 1903 1983 1958 Graeciae
2050 1904 2374 1972 contempsit
2431 1907 2487 1957 et
2541 1902 2803 1972 spoliauit

1726 1993 1928 2061 inpune
1966 1992 1994 2045 1
2027 1992 2146 2058 110,
2179 1993 2438 2055 12-111,
2469 1976 2520 2046 3'.
2551 1993 2635 2045 22.
2680 1991 2800 2052 112,

1727 2083 1775 2135 6.
1817 2082 1863 2137 7.
1906 2081 2027 2139 692,
2068 2081 2118 2133 6.
2159 2082 2272 2134 eius
2310 2082 2572 2135 iocularia
2608 2081 2676 2134 de
2717 2097 2800 2133 sa-

1728 2170 1963 2238 crilegiis
2021 2170 2132 2222 suis
2188 2169 2216 2222 1
2273 2170 2390 2231 110,
2449 2171 2530 2224 15.
2585 2169 2667 2222 18.
2718 2170 2800 2221 21.

1733 2259 1849 2322 112,
1879 2259 1927 2311 3.
1970 2259 2083 2311 eius
2122 2258 2356 2311 felicitas
2391 2258 2418 2311 I
2450 2259 2567 2320 111,
2596 2260 2648 2310 4.
2685 2258 2803 2320 112,

1729 2348 1777 2400 2.
1824 2348 1942 2407 113,
1986 2347 2068 2402 17.
2109 2348 2230 2409 692,
2269 2347 2318 2399 8.
2370 2347 2707 2415 (Dionysius)
2750 2349 2804 2398 et

1730 2436 1834 2489 duo
1866 2436 2163 2489 familiares
2192 2436 2523 2505 Pythagorei
2549 2436 2577 2488 I
2607 2437 2731 2497 456,
2753 2436 2800 2487 2.

527 2523 756 2586 4-194,
810 2524 889 2576 18.
948 2525 1258 2578 Maximiani
1316 2528 1602 2596 (Herculii)
1658 2525 1915 2594 Diphilus
1952 2525 2008 2578 II
2051 2527 2168 2588 156,
2211 2528 2258 2579 7.

533 2610 602 2662 ad
624 2628 742 2664 eum
764 2612 997 2676 litterae,
1020 2614 1149 2667 ibid.
1176 2616 1365 2679 193‚9.
1398 2620 1602 2669 utrum·
1661 2615 1758 2667 Dis
1797 2618 1955 2683 pater
1990 2613 2018 2666 Ι
2056 2616 2141 2676 54,
2183 2616 2231 2668 3.

532 2715 635 2766 que
673 2699 809 2752 illud
850 2701 1063 2768 quando
1097 2706 1151 2754 et
1182 2704 1451 2771 quomodo
1489 2706 1602 2757 fac·
1661 2704 1915 2773 discipuli
1956 2702 2158 2757 Christi
2198 2702 2265 2758 cf.
2307 2701 2571 2756 ChristuS.

529 2792 647 2840 tum
685 2788 783 2840 sit:
835 2789 1055 2843 Diocles
1104 2793 1296 2845 iterum
1336 2792 1512 2845 factus
1549 2794 1603 2845 in
1662 2792 1955 2846 Dolabella
1994 2793 2180 2845 consul
2216 2791 2243 2844 I
2281 2793 2366 2854 60,
2408 2792 2492 2844 21.

532 2877 764 2945 patriam
806 2877 1117 2945 dimittitur,
1151 2880 1281 2933 ibid.
1317 2883 1434 2943 194,
1469 2883 1604 2934 19—
1660 2881 2005 2934 Domitianus
2097 2885 2380 2949 tyrannus,
2463 2880 2810 2948 persequitur

536 2965 654 3027 195,
688 2965 770 3017 13.
810 2966 1027 3020 Diocles
1064 2985 1095 3020 a
1120 2969 1442 3022 Maximiano
1473 2970 1604 3035 (Ga-

531 3054 689 3120 lerio)
722 3071 919 3123 genero
950 3057 1359 3124 (Carnuntum)
1386 3059 1605 3121 accitus,

533 3144 597 3193 ut
632 3142 840 3196 Licinio
893 3145 1176 3213 imperium
1215 3147 1370 3200 daret
1405 3148 1608 3201 substi-

535 3234 655 3282 tuto
713 3232 769 3283 in
817 3233 1004 3286 Seueri
1057 3235 1253 3298 locum,
1299 3236 1433 3290 ibid.
1485 3237 1606 3298 206,

535 3320 691 3372 3—5.
734 3320 1005 3375 Valeriam
1041 3323 1345 3392 Augustam
1384 3326 1551 3378 filiam
1579 3342 1610 3377 a

534 3408 824 3463 Maximino
863 3411 919 3463 in
950 3411 1132 3481 Syriae
1174 3413 1494 3467 solitudines
1524 3431 1606 3467 re-

536 3497 774 3565 legatam
823 3499 1023 3553 frustra
1061 3503 1276 3568 repetit,
1317 3502 1445 3555 ibid.
1484 3504 1607 3567 221,

536 3586 728 3641 8-15.
807 3588 922 3640 eius
985 3590 1251 3657 imagines
1317 3590 1607 3656 detractae,

537 3674 668 3728 ibid.
709 3677 831 3733 221.
875 3678 953 3729 18.
1010 3677 1122 3730 eius
1170 3695 1330 3741 mors,
1371 3679 1499 3732 ibid.
1540 3712 1608 3719 —

1734 2968 2071 3023 Christianos
2118 2968 2176 3021 II
2220 2969 2278 3021 M
2328 2970 2445 3028 176,
2483 2969 2717 3031 4—177‚
2756 2969 2804 3021 4.

1735 3058 1848 3110 eius
1895 3074 2054 3120 more,
2106 3056 2239 3110 ibid.
2284 3059 2402 3119 177,
2443 3059 2491 3110 6.
2549 3055 2808 3108 memoria

1732 3146 1966 3199 nominis
2016 3147 2129 3198 eius
2179 3161 2331 3198 erasa
2377 3154 2706 3213 senatusque
2753 3144 2807 3195 in

1735 3238 2004 3287 mortuum
2034 3232 2268 3295 decreta,
2298 3231 2430 3286 ibid.
2467 3233 2584 3296 177,
2612 3232 2806 3285 6—11.

1737 3322 2064 3391 Capitolium
2095 3326 2150 3376 et
2183 3323 2291 3374 alia
2317 3321 2590 3375 mirabilia
2616 3336 2807 3372 monu-

1735 3414 1919 3464 menta
1968 3411 2115 3473 fecit,
2164 3410 2296 3463 ibid.
2350 3410 2467 3472 177,
2519 3412 2560 3462 7·
2590 3425 2630 3462 S.
2689 3424 2807 3461 cum

1735 3499 2079 3568 Apollonium
2126 3500 2314 3567 punire
2362 3499 2548 3560 uellet,
2585 3497 2675 3550 hic
2725 3513 2807 3549 re-

1737 3592 1901 3658 pente
1947 3589 2001 3641 in
2051 3587 2251 3641 iudicio
2298 3604 2407 3640 non
2445 3587 2749 3655 comparuit
2782 3584 2810 3637 Ι

1736 3677 1860 3741 408,
1902 3679 1952 3732 5.

539 3765 663 3827 222,
701 3765 750 3819 8.
808 3765 1007 3833 uiginti
1054 3783 1313 3819 annorum
1358 3767 1608 3822 felicissi-
1667 3766 1937 3820 Domitius
1995 3765 2275 3833 Ulpianus
2338 3765 2405 3818 de
2463 3765 2639 3818 officio
2690 3780 2809 3833 pro·

540 3869 657 3904 mus
703 3852 1011 3922 imperator,
1060 3854 1191 3907 ibid.
1232 3857 1352 3918 222,
1393 3859 1442 3909 6.
1495 3858 1611 3911 eins

541 3958 732 4003 moreS,
761 3940 894 3994 ibid.
929 3942 1046 4005 180,
1081 3943 1234 3996 1.17.
1270 3944 1389 4004 181,
1422 3945 1608 3997 1-16.

544 4030 628 4082 21.
672 4030 787 4092 183,
819 4032 867 4083 5.
901 4032 950 4084 9.
995 4031 1112 4096 184,
1143 4034 1190 4085 6.
1237 4033 1352 4095 185,
1389 4033 1610 4086 17-21.

1739 3855 1973 3909 consulis
2035 3854 2175 3907 libro
2252 3855 2482 3924 septimo
2549 3853 2809 3921 rescripta

1737 3944 2041 4013 principum
2085 3944 2151 3996 de
2189 3943 2377 4013 poenis
2418 3942 2685 3995 cultorum
2725 3940 2808 3993 dei

1742 4032 1967 4100 collegit
2003 4032 2031 4085 Ι
2067 4033 2191 4097 436,
2234 4033 2314 4085 11.

549 4117 667 4181 187,
707 4119 790 4171 22.
841 4136 871 4171 a
909 4120 1156 4173 Dioclete
1197 4125 1252 4174 et
1288 4121 1613 4174 Maximiano
1670 4119 1741 4173 ad
1791 4122 2068 4174 Donatum
2123 4121 2442 4173 Lactantius
2494 4120 2691 4174 librum
2729 4119 2809 4171 De

549 4204 846 4272 (Herculio)
896 4206 1170 4260 Iouiorum
1228 4212 1282 4261 et
1331 4209 1611 4262 Herculio·

1740 4210 1822 4262 ira
1868 4210 1955 4262 dei
2004 4210 2222 4279 scripsit
2266 4209 2322 4262 II
2370 4210 2454 4271 63,
2502 4211 2555 4263 4.
2606 4210 2722 4273 123,
2761 4211 2807 4261 5.

545 4311 662 4346 rum
702 4296 1026 4362 cognomina
1061 4297 1359 4350 insolenter
1400 4298 1614 4351 adsum·
1671 4299 1920 4352 Donatus
1961 4299 2258 4352 confessor:
2301 4298 2370 4351 ad
2409 4315 2528 4351 eum
2565 4299 2703 4352 liber
2731 4300 2808 4351 De
