3132 5043
923 389 1295 443 Addenda
1353 394 1426 443 et
1483 389 1992 461 Corrigenda.
2335 395 2574 459 XXXV

413 583 763 637 nominantur
808 584 862 636 in
911 584 1129 636 Notitia
1177 583 1372 652 dignit.
1424 583 1515 637 Or.
1565 585 1614 637 V
1659 602 1710 653 p.
1754 585 1818 638 13
1868 586 2039 638 Seeck
2086 585 2571 639 uexillationes

413 671 762 740 palatinae
802 672 1113 741 quinque.
1147 673 1192 724 1.
1225 673 1491 741 equites
1528 674 1819 743 promoti
1859 674 2173 727 seniores.
2214 675 2264 729 2.
2296 675 2570 728 comites

414 759 793 813 clibanarii.
821 761 869 815 3.
902 761 1179 814 comites
1219 762 1586 829 sagittarii.
1616 764 1667 815 4.
1700 763 1977 815 comites
2008 761 2274 815 Taifali.
2307 764 2355 815 5.
2389 764 2566 832 equi-

410 851 512 901 tes
552 847 857 902 Arcades.
900 866 961 901 ex
998 848 1083 901 his
1121 849 1357 902 numeris
1387 848 1588 903 Taifali
1625 867 1733 904 non
1773 854 1898 904 ante
1928 850 2290 904 Theodosium
2327 850 2572 904 instituti

411 940 539 990 sunt
579 937 668 1001 (cf.
705 938 1005 990 Mommsen
1043 938 1097 990 in
1136 938 1337 990 Herma
1373 937 1548 991 XXIV
1589 956 1640 1008 p.
1680 941 1807 1005 277)
1847 956 2022 1008 neque
2060 938 2326 993 Arcadum
2366 941 2568 994 mentio

409 1026 683 1079 uetustior
729 1030 890 1080 extat.
942 1029 1129 1079 contra
1175 1030 1545 1095 promotorum
1593 1030 1846 1091 rectoreS,
1895 1028 1988 1095 qui
2041 1026 2184 1096 apud
2230 1027 2569 1082 Ammianum
2669 1022 2678 1026 ⁴

410 1114 509 1167 XV
546 1117 597 1178 4,
641 1116 707 1169 10
746 1118 802 1169 et
838 1115 1015 1168 XXXI
1057 1117 1140 1177 13,
1185 1115 1248 1168 18
1296 1118 1599 1181 occurrunt,
1648 1131 1767 1168 cum
1815 1116 1926 1168 sint
1972 1117 2076 1168 uiri
2114 1133 2351 1170 summae
2390 1116 2568 1186 digni·
2642 1177 2654 1187 ⁰

410 1204 562 1268 tatis,
601 1208 745 1258 recte
785 1203 855 1257 ad
890 1204 1294 1258 uexillationem
1332 1204 1636 1273 palatinam
1672 1204 1890 1258 referas,
1932 1205 2345 1258 clibanariorum
2385 1209 2567 1259 autem

408 1294 626 1356 militia,
669 1310 804 1362 quae
841 1292 949 1346 fuit
986 1295 1043 1346 in
1082 1294 1317 1346 exercitu
1356 1293 1596 1345 Romano
1635 1294 1745 1346 iam
1782 1293 1880 1346 sub
1918 1293 2212 1355 Hadriam,
2254 1311 2358 1362 qua
2396 1293 2566 1347 admi-

410 1382 618 1435 ratione
668 1382 970 1435 celebretur
1008 1399 1039 1434 a
1077 1381 1429 1451 scriptoribus
1475 1383 1676 1435 aetatis
1716 1381 2040 1446 Constantii,
2087 1383 2426 1436 notissimum
2466 1388 2564 1437 est.

409 1468 554 1539 quod
610 1471 840 1539 scriptor
892 1471 991 1523 hos
1049 1488 1315 1534 numeros,
1374 1470 1465 1539 qui
1520 1470 1750 1523 feminas
1808 1471 2087 1525 damnatas
2152 1475 2566 1540 prosequuntur,

410 1576 651 1612 cuneos
702 1564 1096 1613 armatorum
1146 1560 1401 1629 appellat,
1449 1558 1507 1611 id
1554 1561 1758 1628 optime
1807 1560 2038 1629 quadrat
2074 1561 2130 1613 in
2169 1561 2563 1624 uexillationeS,

410 1648 536 1716 quia
573 1648 738 1701 uerba
779 1664 1024 1701 cuneus
1064 1652 1119 1701 et
1157 1647 1515 1701 uexillatio
1557 1653 1748 1716 quarto
1788 1650 2004 1703 saeculo
2037 1648 2102 1702 de
2132 1650 2262 1702 solis
2292 1650 2564 1718 equitibus

407 1740 752 1804 usurpantur.
806 1740 933 1804 apte
995 1737 1161 1789 etiam
1224 1740 1608 1789 commemorat
1663 1737 1895 1806 scriptor
1947 1739 2224 1806 promotos
2278 1738 2564 1790 militari

405 1824 593 1877 modo
643 1825 1019 1878 instructos
1065 1824 1251 1877 fuisse.
1290 1841 1413 1878 nam
1453 1825 1619 1877 simili
1654 1824 1815 1877 modo
1855 1826 2171 1878 uetustioris
2210 1825 2564 1879 ordinationis

407 1914 790 1982 speculatoreS‚
832 1930 1059 1982 quorum
1097 1914 1151 1965 in
1190 1913 1366 1967 locum
1407 1914 1561 1981 quasi
1601 1914 1921 1967 successisse
1960 1918 2233 1982 promotos
2265 1931 2326 1966 ex
2352 1914 2564 1967 Notitia

405 2001 601 2070 dignit.
641 2006 880 2071 apparet,
921 2005 983 2054 ut
1022 2002 1273 2055 custodes
1313 2003 1568 2071 corporis,
1607 2003 1826 2071 singuli,
1865 2020 1971 2055 non
2010 2004 2287 2056 turmatim
2317 2004 2350 2055 i.
2384 2020 2428 2056 e.
2454 2020 2559 2055 non

403 2091 629 2143 militari
674 2090 834 2143 modo
882 2091 1135 2143 instructi
1182 2090 1534 2159 imperatores
1576 2090 2000 2142 comitabantur:
2043 2090 2108 2143 cf.
2151 2089 2344 2142 librum
2383 2106 2564 2142 meum

402 2179 510 2232 Die
537 2179 795 2247 Reliyion
823 2179 916 2231 des
950 2185 1083 2232 ro'm.
1113 2178 1316 2232 Heeres
1343 2196 1395 2248 p.
1423 2180 1490 2231 92
1521 2196 1590 2231 ss.
1630 2180 1814 2247 itaque
1843 2180 2079 2248 promoti
2117 2181 2304 2232 contra
2343 2178 2561 2231 modum

405 2267 779 2329 ordinationiS,
798 2270 860 2320 ut
878 2268 1139 2335 impetum
1162 2268 1348 2336 populi
1370 2272 1631 2333 arcerent,
1647 2268 1702 2320 in
1721 2271 1924 2321 turmas
1943 2268 2105 2320 diuisi
2124 2267 2561 2337 progrediuntur.

553 2356 625 2410 Ut
660 2356 746 2409 his
783 2373 926 2425 quae
952 2356 1046 2408 uir
1076 2357 1418 2410 doctissimus
1444 2358 1740 2423 praeclare
1769 2359 2034 2424 exposuit,
2061 2374 2234 2409 unu-m
2266 2355 2558 2422 addamus,

402 2445 626 2497 uidetur
644 2461 781 2498 sane
808 2445 1123 2498 coniectura
1153 2444 1434 2498 clibanarii
1465 2446 1682 2513 longius
1710 2445 1978 2498 discedere
2008 2462 2044 2498 a
2074 2445 2275 2498 codicis
2298 2445 2559 2498 memoria

404 2535 512 2587 bile
550 2551 702 2587 mens
744 2551 819 2596 ee,
859 2535 1016 2587 euius
1043 2535 1264 2602 primae
1304 2540 1521 2587 tantum
1560 2536 1775 2588 litterae
1810 2533 1887 2586 bil
1914 2535 1977 2586 in
2001 2535 2169 2588 initio
2205 2534 2357 2588 uocis
2394 2534 2561 2587 cliba-

405 2624 541 2676 narii
589 2639 786 2690 eaeque
830 2625 1087 2676 inuersae
1139 2630 1431 2690 apparent.
1470 2622 1582 2676 Sed
1620 2624 1867 2688 fortasse
1905 2623 2171 2676 librarius
2193 2624 2320 2688 *iam
2359 2623 2561 2676 codicis

407 2712 757 2781 antiquioris,
805 2729 870 2765 ex
921 2730 1027 2780 quo
1080 2713 1426 2765 C'olbertinus
1467 2711 1688 2779 pendet,
1737 2729 1802 2765 ex
1849 2711 2060 2764 misen's
2110 2711 2357 2780 reliquiis
2406 2712 2559 2764 uocis

404 2819 536 2855 casu
594 2801 783 2870 aliquo
842 2802 1077 2866 dirutae,
1133 2818 1299 2869 quam
1348 2807 1411 2854 ut
1463 2819 1570 2854 sua
1629 2807 1810 2855 aetate
1871 2801 2202 2854 inusitatam
2260 2818 2294 2852 a
2349 2817 2561 2867 suaque

401 2890 634 2943 scientia
663 2906 899 2957 prorsus
934 2895 1197 2943 remotam
1234 2891 1391 2943 nullo
1427 2891 1591 2942 modo
1631 2891 1892 2942 diuinare
1922 2895 2085 2957 atque
2120 2890 2401 2942 restituere
2425 2904 2557 2957 pos-

400 2985 494 3044 set,
544 2979 763 3047 aliquid
806 2979 959 3032 uocis
1003 2980 1179 3031 simile
1222 2979 1548 3032 bilemenses
1587 2979 1852 3047 finyebat,
1900 2978 1962 3031 in
2007 2978 2054 3030 Ο
2096 2977 2305 3039 deinde,
2353 2979 2416 3030 in
2452 2993 2557 3044 quo

401 3067 609 3121 multae
634 3066 830 3134 falsae
865 3068 1156 3120 uerborum
1195 3067 1497 3120 diuis-iones
1531 3074 1680 3134 sunt,
1716 3067 1817 3120 illo
1841 3067 2002 3120 modo
2032 3067 2376 3134 discerptum.
2403 3066 2560 3119 Inter

402 3161 605 3209 ceteras
653 3161 833 3209 autem
869 3173 1010 3224 quas
1051 3157 1341 3209 attulimus
1384 3159 1634 3209 urorum
1681 3157 1961 3209 doctorum.
2008 3155 2351 3208 coniecturas
2395 3155 2557 3207 nulla

400 3248 477 3295 est
521 3260 663 3311 quae
708 3245 830 3296 ueri
873 3245 1048 3296 simile
1095 3244 1385 3310 quiequam
1430 3245 1492 3295 in
1537 3260 1594 3297 se
1640 3243 1860 3296 habeat.
1900 3244 2103 3311 Itaque
2147 3259 2216 3295 ne
2252 3248 2555 3294 monstrum

399 3331 564 3384 illud·
590 3332 743 3385 uocis
789 3332 970 3385 codiee
1016 3331 1285 3384 traditum
1320 3333 1588 3399 praefixa
1637 3348 1791 3384 cruce
1835 3333 1897 3384 in
1947 3337 2150 3384 textum
2187 3332 2556 3398 recipmemus,

400 3420 646 3474 subsidio
694 3420 843 3488 quod
888 3421 1295 3474 Domaseewski
1338 3421 1499 3473 nobis
1549 3421 1830 3489 praebuit,
1878 3420 2025 3488 quod
2079 3419 2239 3472 nobis
2292 3420 2556 3486 optimum

399 3508 635 3574 uidetur,
672 3508 938 3560 utendum
975 3525 1086 3561 esse
1122 3509 1572 3561 emistimauimus.
1603 3509 1864 3562 Fortasse
1903 3513 2084 3560 tamen
2119 3507 2393 3559 Brandtii
2428 3522 2553 3559 con-

400 3596 609 3649 iectura
649 3597 1060 3651 commemorari
1086 3602 1268 3664 potest
1305 3613 1423 3650 cum
1451 3596 1741 3650 uerborum
1773 3596 2202 3663 transpositione
2231 3594 2553 3648 coniuncta:

402 3685 633 3751 promoti
669 3685 894 3738 militari
933 3685 1092 3738 modo
1130 3687 1382 3738 instructi
1414 3688 1470 3737 et
1496 3686 1772 3754 sagittarii
1809 3685 2235 3737 miserabiles
2274 3684 2550 3736 feminas

401 3778 812 3843 prosequuntur.
871 3775 1122 3842 Coyitari
1172 3776 1314 3828 enim
1361 3780 1544 3842 potest
1592 3775 1765 3827 uerba
1826 3772 2160 3827 miserabiles
2209 3772 2439 3824 feminas
2490 3772 2552 3824 in

399 3863 647 3931 maryine
684 3864 887 3916 codicis
923 3878 989 3916 ex
1015 3880 1119 3932 quo
1157 3863 1499 3917 Colbertinus
1534 3863 1701 3930 fluxit
1737 3863 1937 3916 addita
1976 3878 2110 3915 casu
2145 3876 2255 3914 esse
2290 3860 2555 3913 mutilata

403 3958 453 4003 et
488 3953 752 4006 mutilata
793 3970 828 4004 a
868 3952 1101 4006 librario
1145 3953 1446 4006 Colbertini
1480 3954 1543 4004 in
1578 3953 1728 4019 falso
1767 3953 1884 4004 loco
1923 3950 2116 4020 posita
2163 3966 2298 4004 esse:
2344 3965 2448 4016 quo
2488 3949 2553 4001 de

396 4056 583 4108 qenere
618 4041 885 4094 uitiorum
921 4057 1097 4108 supra
1133 4042 1348 4110 Proley.
1379 4058 1438 4108 p.
1480 4043 1541 4094 X
1580 4041 1835 4095 diximus.
2295 4025 2299 4030 ’

260 4144 308 4195 p.
349 4129 468 4180 249.
519 4130 614 4183 Ad
666 4129 942 4183 Ciceronis
993 4132 1059 4184 de
1104 4147 1163 4183 re
1203 4132 1436 4198 publica
1487 4131 1752 4183 librorum
1800 4130 1957 4199 apud
1991 4129 2357 4183 Laetantium
2391 4142 2551 4179 usum

402 4218 470 4284 cf.
507 4235 680 4286 supra
717 4218 975 4272 Addend.
1017 4220 1093 4273 ad
1129 4221 1250 4288 Ip.
1298 4224 1389 4281 67,
1461 4223 1669 4284 2—69,
1711 4224 1762 4273 8.

262 4321 311 4372 p.
350 4305 471 4358 262.
509 4306 768 4360 Philonis
815 4308 956 4361 libro
999 4308 1081 4361 De
1116 4310 1239 4361 uita
1281 4308 1718 4375 contemplatiua
1745 4324 1805 4375 p.
1852 4311 1985 4374 473,
2027 4309 2104 4359 25
2140 4323 2209 4359 ss.
2253 4305 2548 4373 (Manyey)

2417 4410 2472 4462 c*
