3132 5043
502 460 651 523 XVI
1358 456 1941 525 Prolegomena.

507 652 677 708 ditiis.
722 653 838 716 183,
872 653 937 706 14
973 652 1223 706 sartim's.
1267 651 1386 713 184,
1416 651 1448 703 2
1488 651 1659 704 soti-is.
1704 650 1822 713 184,
1855 651 1921 704 19
1959 650 2254 718 sacrzfitia,
2294 649 2427 703 item
2459 648 2578 712 188,
2609 649 2693 702 22.
2729 680 2792 693 -ν-

509 742 628 804 193,
672 741 736 795 16
766 740 1086 809 pernitiose.
1125 740 1247 803 210,
1291 740 1315 792 1
1360 738 1721 792 contumatia.
1771 740 1892 801 212,
1933 739 1965 792 3
2011 739 2193 791 matie.
2234 739 2356 801 224,
2399 739 2423 791 1
2469 738 2623 800 atie-s,
2661 738 2797 791 item

508 831 630 892 227,
670 831 719 883 7.
760 830 845 884 20.
888 861 950 869 -
993 830 1114 892 226,
1158 830 1223 882 12
1262 830 1422 883 otius.
1463 829 1586 889 229,
1631 829 1693 882 17
1743 828 2168 891 conditionibus,
2215 828 2350 881 item
2388 829 2510 892 236,
2552 828 2635 884 11.
2673 828 2796 890 236,

507 921 542 972 4
579 919 797 972 iuditio.

599 1012 628 1062 t
664 1025 759 1076 pro
800 1007 861 1061 d:
901 1024 954 1076 p.
997 1005 1115 1069 172,
1152 1007 1217 1060 15
1254 1011 1334 1060 set
1372 1008 1485 1074 (83),
1525 1006 1604 1059 sic
1641 1007 1973 1075 plerumque,
2010 1006 2166 1060 uelut
2206 1007 2323 1066 175,
2359 1008 2404 1060 1.
2447 1007 2567 1070 177,
2597 1005 2680 1060 13.
2711 1006 2797 1060 20.

510 1097 632 1160 178,
666 1098 747 1150 16.
782 1097 899 1161 179,
931 1097 1013 1149 11.
1049 1097 1130 1149 17.
1161 1096 1246 1149 23.
1282 1095 1399 1158 180,
1433 1096 1515 1149 13.
1549 1096 1631 1148 15.
1664 1094 1744 1148 18.
1767 1126 1836 1134 -
1860 1095 1979 1162 193,
2010 1095 2074 1148 16
2114 1095 2387 1163 quiequid.
2422 1096 2540 1159 193,
2567 1096 2635 1148 25
2665 1096 2797 1163 quit.

600 1186 629 1239 t
664 1202 760 1255 pro
797 1186 878 1239 tt:
926 1203 979 1255 p.
1034 1184 1148 1249 185,
1206 1185 1267 1238 11
1325 1184 1698 1238 admiteretur.
1756 1185 1877 1247 194,
1933 1186 1999 1238 14
2051 1184 2236 1238 comiti
2290 1185 2345 1250 (i.
2401 1200 2444 1237 e.
2498 1183 2800 1249 committi).

514 1275 635 1338 223,
679 1274 744 1328 18
781 1273 1122 1328 commiteret.
1166 1275 1284 1337 195,
1326 1273 1390 1326 13
1432 1272 1721 1326 dimititur.
1760 1272 1882 1336 200,
1923 1273 1954 1325 7
1991 1273 2273 1326 remiteret.

603 1380 643 1418 u
682 1379 778 1432 pro
817 1364 881 1418 b:
922 1380 974 1432 p.
1016 1362 1135 1427 189,
1179 1363 1245 1416 10
1284 1362 1648 1425 aceruissime,
1687 1361 1820 1415 item
1860 1362 1980 1425 224,
2025 1363 2105 1417 15.

609 1473 902 1539 Ceterum
951 1492 1140 1554 quam
1187 1472 1455 1536 maxime
1501 1471 1637 1536 fieri
1691 1474 1940 1554 poterat
1998 1470 2509 1555 orthographiam
2567 1467 2805 1533 codicis

517 1579 916 1655 retinuimus,
957 1578 1401 1661 aequalitatem
1449 1582 1664 1643 autem
1704 1578 2052 1661 scripturae
2089 1578 2153 1641 in
2192 1576 2626 1642 adsimilandis
2666 1593 2808 1638 cou-

522 1686 892 1751 sonantibus
954 1685 1250 1750 finalibus
1309 1685 1849 1768 praepositionum
1905 1685 2210 1749 hactenus
2258 1687 2507 1749 tantum
2556 1682 2811 1748 admisi-

521 1813 684 1869 mus,
735 1796 807 1857 ut
863 1792 1148 1856 eiusdem
1202 1792 1382 1857 uocis
1441 1792 1860 1858 scriberemus
1918 1792 2179 1857 eandem
2235 1792 2472 1875 ubique
2517 1791 2808 1871 formam,

526 1900 730 1982 qualis
787 1900 1022 1964 maiore
1077 1902 1254 1981 palte
1310 1900 1596 1965 locorum
1655 1902 1989 1976 constaret,
2052 1900 2231 1964 uelut
2288 1898 2633 1963 secundum
2688 1896 2811 1960 for-

525 2027 691 2070 mam
750 2007 988 2086 inpzme
1043 2025 1103 2087 p.
1158 2008 1303 2083 175,
1353 2007 1414 2070 6.
1475 2008 1626 2086 207,
1677 2008 1737 2073 9.
1802 2008 1953 2085 218,
2006 2010 2084 2071 10
2144 2007 2336 2071 etiam
2391 2026 2450 2088 p.
2504 2005 2654 2083 227,
2705 2005 2811 2081 22,

526 2113 637 2177 ubi
683 2113 745 2175 in
796 2112 1011 2176 codice
1057 2111 1312 2191 impune
1360 2115 1476 2190 est,
1525 2113 1761 2193 inpune
1807 2114 2179 2196 scripsimus
2226 2116 2293 2178 et
2331 2133 2392 2195 p.
2435 2114 2585 2189 202,
2627 2112 2662 2175 7
2704 2112 2816 2174 ad-

528 2220 654 2283 lato
711 2219 875 2304 (cod.
935 2217 1150 2302 allato)
1210 2219 1558 2284 secundum
1614 2220 1790 2284 locos
1846 2236 1909 2302 p.
1959 2222 2109 2295 201,
2171 2222 2274 2285 10.
2333 2221 2438 2284 26.
2497 2220 2648 2296 224,
2708 2219 2814 2282 20.

529 2325 748 2408 Neque
794 2328 1003 2390 tamen
1052 2325 1114 2389 in
1164 2325 1436 2391 diuersis
1484 2327 1754 2391 uocibus
1803 2327 2063 2391 eandem
2101 2327 2634 2410 praepositionem
2673 2327 2817 2388 ante

531 2433 791 2497 eandem
841 2436 1283 2497 consonantem
1331 2435 1750 2516 mutauimus,
1788 2435 1880 2498 ita
1916 2437 1991 2498 ut
2028 2434 2336 2516 scriptum
2375 2433 2460 2498 sit
2495 2430 2821 2518 adfiQJere)

530 2563 591 2624 p.
645 2542 791 2618 175,
842 2543 902 2605 5.
963 2542 1114 2618 221,
1165 2542 1224 2614 5,
1285 2542 1394 2605 sed
1449 2541 1787 2628 affli(9ere)
1844 2564 1904 2625 p.
1959 2544 2106 2621 172,
2160 2545 2261 2607 10.
2324 2544 2471 2621 190,
2515 2544 2617 2608 14.
2668 2542 2818 2622 208,

539 2652 618 2714 10
668 2652 733 2712 et
779 2648 902 2712 alia
948 2647 1282 2712 eiusmodi.
1348 2647 1474 2712 Ubi
1529 2649 1651 2714 hoc
1710 2650 1896 2715 modo
1947 2669 1983 2714 a
2031 2650 2266 2715 codicis
2318 2649 2648 2732 scripturis
2696 2647 2822 2712 dis·

535 2755 867 2832 cessimuS,
910 2773 1019 2819 eae
1064 2755 1239 2837 ipsae
1287 2755 1350 2818 in
1389 2756 1563 2820 uaria
1609 2757 1880 2823 lectione
1925 2757 2237 2822 indicatae
2286 2760 2455 2822 sunt.
2505 2793 2589 2803 —
2641 2755 2823 2821 Com-

534 2862 766 2946 pendia
812 2861 1159 2943 scripturae
1207 2861 1270 2925 in
1320 2866 1621 2945 apparatu
1668 2863 1748 2927 iis
1796 2867 2045 2929 tantum
2082 2864 2146 2928 in
2185 2864 2450 2929 uocibus
2491 2863 2825 2946 descripsi-

536 2989 702 3046 mUS,
761 2970 822 3033 in
882 2969 1112 3050 quibus
1182 2968 1329 3033 sciri
1392 2970 1507 3034 illa
1560 2970 1913 3036 lectionum
1965 2965 2250 3054 ipsarum
2307 2990 2497 3036 causa
2555 2972 2826 3035 fortasse

538 3078 896 3141 interesset.

631 3186 764 3248 Iam
832 3183 906 3247 de
971 3183 1322 3248 rationibus
1383 3184 1620 3249 criticis
1677 3188 1930 3250 nostrae
1989 3186 2304 3264 editionis,
2355 3186 2433 3250 ad
2488 3204 2644 3269 quas
2690 3185 2830 3266 ipse

542 3310 920 3375 progressus
968 3290 1158 3354 huius
1206 3290 1611 3371 praefationis
1651 3310 1765 3356 nos
1805 3292 2081 3369 deduxit,
2121 3312 2322 3375 pauca
2362 3293 2622 3358 dicenda
2662 3296 2830 3357 sunt.

549 3397 950 3478 Quamquam
1006 3396 1210 3461 codici
1258 3395 1621 3462 Colbertino
1678 3398 1948 3462 maxima
2001 3400 2225 3465 merito
2273 3400 2576 3464 tribuitur
2621 3403 2834 3464 aucto·

548 3506 724 3582 ritas,
773 3507 982 3567 tamen
1040 3504 1147 3585 qui
1204 3507 1577 3587 apparatum
1638 3509 1923 3570 nostrum
1971 3508 2402 3590 peragrauerit
2447 3507 2836 3571 animaduer-

547 3612 822 3693 teritque
872 3615 1028 3694 quot
1071 3613 1297 3676 menda
1343 3612 1653 3695 cuiusque
1703 3613 1952 3695 generis
1999 3614 2062 3677 in
2112 3614 2327 3679 codice
2376 3614 2505 3678 sint
2558 3616 2836 3696 quotque

547 3719 674 3784 loci
720 3718 876 3782 uiris
926 3718 1130 3782 doctis
1180 3720 1613 3785 emendatione
1664 3721 1944 3804 indigere
1992 3722 2120 3787 sint
2165 3721 2313 3798 uisi,
2361 3721 2417 3784 is
2464 3720 2650 3786 facile
2698 3739 2840 3786 con-

553 3826 734 3890 cedet
790 3825 979 3889 etiam
1038 3826 1382 3907 suspicioni
1436 3828 1649 3892 locum
1706 3847 1846 3893 esse
1905 3829 2127 3893 debere
2193 3830 2453 3893 minime
2520 3829 2838 3914 exiguum.

552 3933 750 4016 quue
816 3952 886 3998 eo
952 3932 1159 4015 magis
1218 3933 1685 4000 concedendum
1745 3939 1862 4015 est,
1922 3937 2088 4019 quod
2145 3939 2280 4001 tota
2333 3937 2481 4001 libri
2535 3936 2842 4002 Mortium

553 4039 857 4105 memoria
912 4041 1161 4105 constat
1214 4039 1278 4103 in
1333 4059 1458 4104 uno
1517 4042 1731 4108 codice
1788 4062 1860 4107 ac
1908 4045 2206 4127 perpauci
2254 4047 2502 4126 praeter
2549 4044 2671 4107 duo
2719 4043 2844 4106 Eu-

559 4147 718 4211 sebii
766 4147 974 4228 capita
1011 4144 1119 4230 (ad
1160 4166 1212 4213 c.
1254 4150 1359 4215 34.
1401 4148 1514 4234 48)
1553 4153 1704 4214 sunt
1748 4152 1874 4217 loci
1921 4154 2026 4216 uel
2073 4150 2387 4215 Lact-antii
2432 4149 2539 4214 uel
2578 4150 2847 4213 aliorum
2896 4152 2902 4157 '

561 4255 938 4336 scriptorum
986 4254 1219 4337 quibus
1260 4256 1335 4320 ad
1375 4258 1570 4322 uerba
1605 4258 1751 4322 libri
1792 4258 2193 4323 examinanda
2231 4261 2421 4339 atque
2462 4255 2850 4321 emendanda

561 4365 839 4425 utamur:
901 4361 976 4425 de
1035 4362 1283 4429 duobus
1341 4368 1552 4429 autem
1615 4365 1743 4429 illis
1791 4365 2053 4429 Eusebii
2100 4363 2418 4447 capitibus
2467 4363 2735 4427 maxime
2781 4362 2849 4425 id
