3132 5043
577 422 703 485 172
1108 422 1209 474 De
1264 423 1659 476 mortibus
1720 427 2322 493 persecutorum

573 618 866 682 omnibus
925 619 1323 696 aduersariis,
1383 620 1687 685 restituta
1739 641 1852 704 per
1908 623 2124 686 orbem
2191 622 2667 704 tranquillitate,
2727 643 2870 704 pro-

567 724 788 807 fligata
824 745 1023 807 nuper
1061 726 1331 790 ecclesia
1368 747 1621 791 rursum
1663 729 1910 812 exurgit
1949 732 2012 793 et
2051 730 2282 794 maiore
2323 728 2522 813 gloria
2554 730 2867 812 templum

569 830 689 909 dei,
734 831 900 912 quod
948 831 1021 894 ab
1071 832 1542 914 impiis-fuerat
1581 853 1894 911 euersum,
1935 836 2368 900 misericordia
2406 836 2641 900 domini
2678 837 2866 900 fabri-

569 941 766 1001 catur.
861 938 1162 1002 excitauit
1208 939 1373 1002 enim
1423 940 1580 1004 deus
1637 941 1953 1023 principes
2017 942 2127 1023 qui
2173 947 2582 1025 tyrannorum
2629 943 2866 1007 nefaria

567 1045 630 1107 et
667 1047 921 1108 cruenta
956 1045 1221 1127 imperia
1256 1045 1654 1111 resciderunt
1683 1049 1838 1119 <et>
1873 1048 2147 1112 humano
2178 1048 2390 1131 generi
2427 1049 2858 1131 prouiderunt,
2924 1073 2952 1110 5

567 1154 639 1213 ut
684 1151 808 1213 iam
858 1152 1039 1232 quasi
1088 1152 1379 1217 discusso
1426 1152 1787 1218 tristissimi
1834 1154 2136 1235 temporis
2184 1155 2400 1219 nubilo
2448 1159 2693 1219 mentes
2734 1177 2861 1221 om-

568 1257 745 1320 nium
790 1277 908 1339 pax
952 1258 1229 1322 iucunda
1277 1263 1341 1324 et
1388 1279 1609 1324 serena
1653 1260 1974 1325 laetificet.
2082 1280 2246 1325 nunc
2294 1265 2441 1344 post
2487 1265 2656 1325 atrae
2703 1266 2859 1325 tem-

562 1364 831 1443 pestatis
879 1364 1199 1429 uiolentos
1247 1365 1534 1430 turbines
1581 1366 1873 1448 placidus
1925 1386 2028 1430 aer
2075 1370 2140 1431 et
2187 1369 2403 1449 optata
2440 1368 2546 1431 lux
2582 1368 2856 1440 refulsit,

562 1490 725 1534 nunc
781 1472 1070 1552 placatus
1129 1491 1461 1536 seruorum
1517 1492 1779 1537 suorum
1833 1473 2211 1556 (precibus)
2258 1476 2412 1539 deus
2468 1475 2745 1539 iacentes
2795 1480 2860 1541 et

562 1578 832 1643 afflictos
882 1579 1142 1642 caelesti
1190 1579 1418 1642 auxilio
1469 1579 1856 1656 subleuauit,
1904 1600 2070 1644 nunc
2107 1582 2523 1646 maerentium
2560 1583 2852 1646 lacrimas
2899 1607 2956 1645 ιο

564 1685 838 1749 extincta
892 1685 1228 1767 impiorum
1300 1686 1762 1769 conspiratione
1830 1687 2109 1752 detersit.
2224 1689 2331 1770 qui
2394 1689 2856 1753 insultauerant

563 1791 700 1868 de0‚
755 1791 985 1866 iacent,
1045 1793 1152 1874 qui
1218 1793 1525 1874 templum
1597 1795 1885 1856 sanctum
1953 1797 2329 1875 euerterant,
2386 1795 2566 1859 ruina
2622 1797 2852 1860 maiore

561 1897 941 1975 ceciderunt,
1002 1899 1108 1979 qui
1164 1899 1369 1962 iustos
1428 1899 2039 1976 excarnificauerant,
2089 1902 2470 1966 caelestibus
2526 1903 2733 1986 plagis
2792 1908 2853 1966 et

559 2004 946 2068 cruciatibus
994 2005 1237 2068 meritis
1285 2009 1585 2069 nocentes
1626 2007 1866 2070 animas
1908 2007 2340 2088 profuderunt.
2436 2029 2573 2074 sero
2612 2009 2676 2073 id
2718 2010 2848 2091 qui-

560 2109 721 2188 dem,
787 2111 897 2174 sed
964 2111 1240 2194 grauiter
1304 2130 1375 2175 ac
1441 2112 1648 2196 digne.
1728 2112 2064 2177 distulerat
2120 2115 2286 2178 enim
2341 2135 2574 2197 poenas
2633 2135 2846 2179 eorum
2894 2138 2948 2174 15

559 2215 733 2293 deuS‚
783 2219 856 2280 ut
921 2217 1134 2281 ederet
1196 2218 1260 2281 in
1330 2238 1436 2282 eos
1493 2238 1725 2301 magna
1783 2222 1845 2281 et
1899 2220 2217 2284 mirabilia
2263 2223 2565 2303 exempla,
2617 2223 2844 2304 quibus

554 2324 795 2404 posteri
834 2324 1151 2387 discerent
1187 2328 1250 2388 et
1288 2325 1475 2388 deum
1516 2344 1656 2390 esse
1695 2345 1892 2388 unum
1935 2329 2000 2389 et
2036 2326 2305 2390 eundem
2343 2326 2621 2392 iudicem
2660 2329 2847 2412 digna

730 2514 930 2568 LOOI
960 2513 1419 2571 AVCTORVM
1450 2516 2065 2571 EXPILATORVM
2099 2516 2441 2572 SIMILES
2544 2519 2608 2572 17
2650 2537 2689 2573 s.
2737 2520 2837 2585 (di-

555 2604 809 2673 scerent)]
850 2604 998 2657 Lact.
1037 2605 1182 2675 Epit.
1221 2605 1307 2668 48,
1347 2608 1397 2661 5.

555 2743 771 2797 deditur
815 2746 907 2797 uel
951 2744 1188 2798 traditur
1244 2745 1474 2810 Tollius,
1525 2745 1801 2799 excidetur
1853 2746 2009 2809 Gale,
2061 2748 2280 2801 abditur
2318 2747 2582 2813 Bauhlri,
2634 2752 2843 2803 arcetur

551 2833 878 2887 Boherellus
909 2833 1276 2899 (aduersarius
1306 2834 1367 2886 hi
1393 2850 1577 2887 omnes
1606 2851 1725 2887 cum
1748 2834 1912 2902 Bal),
1943 2835 2243 2890 deturbatis
2267 2879 2278 2890 .
2304 2879 2315 2890 .
2339 2836 2664 2891 aduersariis
2682 2839 2844 2892 Allia·

625 2922 645 2973 1
691 2923 972 2990 restituta]
1016 2926 1072 2974 et
1108 2923 1363 2975 restituta
1389 2922 1526 2984 Bal,
1552 2923 1651 2975 sed
1686 2925 1748 2975 in
1784 2923 1830 2976 G
1862 2925 2076 2993 signum
2106 2936 2171 2984 A
2214 2931 2344 2979 ante
2379 2928 2636 2979 restituta
2672 2927 2840 2981 solita

551 3010 754 3062 codicis
792 3008 1073 3063 distinctio
1103 3015 1180 3062 est
1280 3012 1311 3063 5
1353 3012 1408 3062 et
1438 3010 1566 3063 add.
1590 3011 1911 3075 Heumann,
1940 3012 2002 3065 in
2030 3013 2076 3066 Ο
2100 3019 2177 3066 est
2206 3025 2271 3073 A
2305 3014 2584 3068 distinctio
2594 3034 2614 3081 ‚·
2650 3016 2839 3068 huma-

550 3115 727 3167 noque
774 3099 992 3153 Tollius
1004 3119 1024 3166 ;
1059 3099 1341 3153 noluimus
1378 3099 1739 3154 resciderunt:
1778 3102 2014 3154 humano
2056 3103 2385 3171 distinyuere
2566 3106 2597 3158 6
2634 3105 2836 3157 tristis-

550 3187 672 3240 simi
712 3187 755 3240 G
792 3204 817 3240 e
855 3188 1081 3241 lectione
1123 3187 1384 3255 Omontii,
1420 3190 1688 3242 transacti
1725 3191 1858 3254 Bal,
1896 3191 2196 3244 trisansaru
2241 3193 2369 3259 (sic)
2411 3191 2492 3245 Le
2509 3192 2743 3262 Nourry
2778 3193 2842 3246 in

549 3276 774 3344 Specim.
888 3279 917 3330 7
960 3279 1073 3330 atre
1119 3277 1165 3330 C
1199 3294 1225 3330 e
1264 3277 1490 3330 lectione
1538 3281 1805 3348 anonymi
1841 3296 1898 3346 p.
1944 3284 2034 3342 33,
2074 3297 2240 3347 quam
2287 3283 2579 3347 confirmat
2624 3281 2837 3344 Omont,

547 3368 732 3418 tantae
762 3365 901 3429 Bal;
935 3369 1084 3426 atrae
1113 3366 1226 3418 iam
1255 3366 1621 3420 Buenemann
1649 3369 1809 3434 coni„
1838 3369 2071 3422 Miscell.
2103 3370 2255 3437 Lips.
2286 3371 2408 3434 III,
2437 3374 2595 3430 1716,
2617 3386 2678 3437 p.
2709 3373 2839 3435 173,

547 3453 687 3506 conl.
736 3454 934 3522 Veryil.
974 3455 1111 3506 Aen.
1162 3455 1214 3506 V
1251 3457 1366 3507 693
1401 3471 1442 3508 s.
1560 3454 1592 3507 8
1633 3456 1822 3509 obtata
1866 3457 1911 3509 0
2026 3459 2057 3509 9
2094 3457 2346 3527 ‘precibus
2388 3460 2505 3525 (uel
2541 3460 2833 3528 patientia)

552 3543 681 3595 add.
722 3542 803 3595 ed.
849 3542 1022 3596 Oxou.
1077 3546 1248 3606 1680,
1298 3544 1594 3611 gemitibus
1650 3545 1996 3608 Colomesius‚
2046 3563 2206 3599 causa
2242 3547 2333 3600 uel
2370 3549 2552 3617 gratia
2588 3547 2839 3601 Bauldri

549 3634 604 3683 et
639 3630 776 3697 Bal,
814 3634 876 3682 ut
916 3632 959 3683 C
1141 3631 1202 3683 11
1255 3632 1512 3684 illustrati
1562 3639 1717 3684 erant
1761 3633 1817 3694 C,
1866 3633 2264 3688 insultauerant
2309 3634 2588 3688 Grae-aius
2623 3641 2840 3688 secutas

546 3720 623 3772 Is,
659 3720 930 3786 Vossium,
960 3720 1056 3786 qui
1092 3719 1340 3773 insultati
1380 3724 1532 3773 erant
1571 3722 1729 3787 coni„
1758 3722 1967 3788 probat
1995 3723 2360 3776 Buenemavm
2396 3726 2536 3777 conl.
2568 3725 2835 3777 Laetam.

545 3809 684 3861 Inst.
723 3808 774 3859 V
799 3812 895 3875 23,
923 3812 961 3861 2
992 3809 1080 3874 (V
1104 3812 1157 3870 2,
1190 3812 1284 3875 2),·
1316 3808 1593 3863 aduersati
1621 3813 1774 3862 erant
1801 3811 1936 3877 Bal,
1965 3811 2366 3864 illusitauerant
2391 3812 2518 3865 Nic.
2548 3812 2840 3879 Heinsius,

545 3896 782 3949 illuctati
821 3901 975 3949 eraut
1012 3897 1268 3966 Lenylet5
1307 3898 1397 3966 qui
1422 3898 1711 3951 illuserant
1750 3898 1866 3960 deo,
1900 3900 2058 3952 strati
2094 3900 2275 3953 iacent
2302 3901 2552 3955 Bauldri
2627 3903 2691 3954 12
2722 3919 2834 3954 ma-

544 3985 657 4037 iore
694 3985 1005 4050 Colmnlms,
1034 3986 1253 4038 maioris
1291 3986 1360 4053 C,-
1383 3987 1576 4040 maiori
1606 3987 1724 4040 Bal
1835 3988 1900 4041 14
1931 4005 2048 4041 sero
2079 3988 2136 4041 id
2155 3990 2537 4057 Buenemann,
2568 3991 2737 4043 seruit
2768 3991 2838 4057 C,-

544 4072 713 4126 serius
753 4073 834 4125 Le
853 4074 1111 4143 Nourrw
1149 4075 1505 4144 sero—digne
1544 4093 1647 4129 om.
1678 4076 1794 4129 Bal
1897 4077 1960 4130 15
2002 4082 2086 4131 set
2119 4079 2176 4142 C,
2204 4080 2283 4131 sic
2310 4080 2631 4148 plerumque
2740 4079 2832 4132 de-

543 4162 774 4214 stulerat
818 4162 876 4228 C,
917 4179 1052 4218 corr.
1084 4164 1202 4217 Bal
1314 4165 1377 4218 16
1419 4165 1612 4233 quibus
1653 4169 1707 4217 et
1745 4166 1876 4228 Bal,
1915 4167 2013 4220 sed
2046 4166 2110 4219 in
2155 4168 2199 4221 C
2221 4174 2353 4235 post
2393 4169 2587 4237 quibus
2625 4168 2688 4220 in
2714 4169 2840 4235 fine

542 4267 733 4303 uersus
769 4252 914 4304 nihil
951 4259 1028 4305 est
1139 4254 1201 4306 17
1243 4253 1513 4306 uindicem
1554 4254 1780 4322 Lenylet
1887 4256 1949 4307 in
1988 4256 2032 4307 Ο
2065 4262 2332 4310 extremae
2349 4263 2546 4325 partes
2574 4274 2836 4311 uersuum

539 4342 766 4393 19-25
802 4340 931 4406 folii
967 4345 1020 4393 1³
1056 4344 1221 4409 (ΞΡ.
1262 4346 1390 4407 173,
1429 4347 1473 4395 1.
1516 4346 1569 4395 2.
1614 4347 1665 4398 3.
1710 4347 1759 4397 4.
1807 4347 1854 4397 6.
1903 4349 1949 4397 7.
1993 4348 2055 4411 8)
2097 4362 2217 4399 cum
2263 4345 2510 4414 marqine
2557 4344 2838 4400 abscissae
2931 4352 2939 4356 “
