3132 5043
507 467 639 529 ⁴230
1035 461 1133 514 De
1189 458 1576 513 mortibus
1632 459 2232 527 persecutorum

510 662 742 745 prius
791 656 1134 738 scriptis
1185 654 1276 719 ad
1326 654 1706 719 officium
1753 657 1977 717 tuum
2029 651 2244 714 datis
2304 668 2543 733 super
2593 647 2799 713 Chri-

509 767 965 832 stianorum
1028 762 1344 829 nomine
1415 760 2123 834 (continebantur,
2191 759 2267 821 et
2332 775 2530 839 quae
2597 774 2800 839 pror-

510 892 651 939 sus
718 870 1066 936 sinistra
1132 871 1210 932 et
1274 888 1307 932 a
1371 870 1654 931 nostra
1730 864 2169 929 clementia
2243 864 2511 928 aliena
2577 875 2803 938 esse>

512 980 1030 1057 uidebantur,
1090 985 1228 1047 <ea
1291 977 1886 1048 remoueantur,
1946 976 2074 1047 et>
2126 989 2332 1035 nunc
2396 970 2654 1035 libere
2720 989 2837 1033 ao-

515 1085 1023 1169 simpliciter
1075 1102 1282 1147 unus
1342 1081 1688 1164 quisque
1747 1099 2036 1155 eorum,
2096 1077 2232 1161 qui
2298 1077 2620 1141 eandem
2688 1076 2806 1140 ob·
2868 1097 2893 1131 5

515 1191 965 1258 seruandae
1012 1189 1458 1271 religionis
1510 1186 2166 1253 Christianorum
2213 1186 2507 1268 gerunt
2550 1183 2807 1247 uolun-

515 1303 788 1375 tatem,
857 1298 1066 1362 citra
1128 1295 1381 1359 ullam
1455 1292 2114 1374 inquietudinem
2189 1310 2271 1355 ac
2345 1289 2809 1354 molestiam

519 1405 646 1470 sui
703 1405 783 1468 id
836 1404 1103 1486 ipsum
1161 1402 1597 1465 obseruare
1644 1398 2159 1464 contendant.
2254 1416 2451 1480 quae
2500 1396 2810 1460 sollici-

516 1511 793 1576 tudini
838 1514 1026 1574 tuae
1073 1508 1562 1592 plenissime
1622 1505 2181 1590 significanda
2237 1523 2416 1569 esse
2475 1502 2811 1568 credidi-

517 1637 709 1696 mus,
760 1635 909 1698 quo
968 1616 1226 1679 scires
1284 1633 1426 1679 nos
1481 1613 1828 1677 liberam
1883 1614 2129 1694 atque
2192 1610 2651 1675 absolutam
2699 1629 2813 1674 co·
2851 1628 2903 1665 ιο

516 1724 804 1788 lendae
849 1721 1292 1806 religionis
1342 1739 1534 1785 suae
1583 1719 2072 1783 facultatem
2121 1718 2375 1781 isdem
2418 1716 2814 1781 Christia-

522 1829 644 1893 nis
714 1828 1062 1893 dedisse.
1172 1827 1379 1909 quod
1444 1845 1616 1890 cum
1680 1825 1934 1888 isdem
2001 1844 2036 1887 a
2104 1824 2336 1887 nobis
2404 1823 2816 1888 ind-ultum

524 1955 706 2000 esse
763 1934 1224 2018 peruideas,
1281 1931 1717 2015 intellegit
1773 1931 2081 1995 dicatio
2140 1934 2276 1994 tua
2331 1933 2570 1994 etiam
2621 1930 2815 1993 aliis

524 2167 575 2214 et
610 2160 903 2228 scriptores
942 2160 1012 2213 ab
1052 2175 1111 2212 eo
1153 2159 1352 2224 adlati,
1402 2158 1639 2211 maxime
1674 2156 1857 2223 Keim,
1904 2156 2157 2226 Theoloy.
2194 2155 2429 2209 Jahrbb.
2469 2155 2571 2208 XI
2601 2158 2710 2208 221
2744 2171 2820 2211 88.

527 2253 667 2315 240,
719 2255 1011 2316 praeterea
1065 2248 1399 2309 Crivellueci,
1460 2246 1634 2300 Delia
1687 2246 1820 2313 fede
1877 2246 2086 2299 storiea
2147 2245 2206 2297 di
2268 2244 2510 2299 Eusebio
2566 2262 2624 2312 p.
2684 2247 2818 2297 124.

527 2338 706 2400 Seeck,
746 2337 1008 2391 Zeitschr.
1045 2338 1088 2403 f.
1128 2336 1543 2404 Kirchenyesch.
1583 2335 1722 2388 XII
1754 2337 1888 2397 385,
1933 2333 2178 2396 Gom-es,
2217 2333 2480 2388 Zeitschr.
2509 2334 2561 2401 f.
2599 2334 2820 2386 wissen-

522 2426 746 2494 scliaftl.
794 2425 979 2479 Theol.
1018 2425 1260 2478 XXXV
1292 2428 1413 2479 290

597 2516 629 2567 2
652 2534 693 2569 s.
714 2516 749 2568 4
771 2515 1007 2569 lacunas
1034 2532 1098 2568 ex
1125 2514 1369 2568 Eusebio
1396 2512 1678 2567 indicauit
1700 2518 1750 2568 et
1774 2512 2012 2581 expleuit
2033 2511 2344 2574 Golumbm,
2365 2511 2529 2565 aliter
2551 2510 2824 2572 Toinard,

522 2622 680 2673 quem
714 2605 990 2672 sequimur
1018 2604 1157 2669 (nisi
1192 2603 1338 2671 quod
1372 2601 2015 2656 laeuae—alienae—eae
2044 2600 2310 2653 tollantur
2334 2600 2570 2668 scripsit,
2601 2600 2822 2653 sinistra

524 2701 575 2748 et
611 2695 988 2746 remoueantur
1025 2692 1279 2745 Valesius
1305 2692 1573 2759 interpres
1600 2689 1889 2756 Eusebii);
1898 2706 1956 2756 p.
1981 2691 2117 2754 229,
2137 2691 2422 2754 17-230,
2449 2692 2484 2740 4
2511 2689 2596 2758 (ut
2624 2688 2822 2740 amotis

524 2786 653 2835 —et
671 2778 912 2850 nunc)'·1v'
944 2779 1325 2851 ἀφαιρεθεισῶν
1345 2779 1612 2843 παντελῶς
1635 2784 1737 2830 τῶν
1760 2775 2024 2847 αἱρέσεων,
2048 2773 2234 2838 αἵτινες
2254 2782 2361 2838 τοῖς
2383 2777 2647 2848 προτέροις
2665 2775 2821 2848 ἡμῶν

517 2871 788 2942 γράμμασι
833 2875 941 2931 τοῖς
986 2869 1112 2937 πρὸς
1157 2869 1252 2938 τὴν
1302 2870 1399 2939 σὴν
1449 2864 1769 2919 καθοσίωσιν
1818 2864 2152 2918 ἀποσταλεῖσι
2188 2865 2303 2935 περὶ
2348 2871 2451 2916 τῶν
2492 2864 2820 2934 Χριστιανῶν

524 2958 801 3029 ἐνείχοντο,
839 2957 926 3008 καὶ
963 2956 1112 3008 ἅτινα
1157 2956 1290 3009 πάνυ
1330 2957 1486 3007 σκαιὰ
1521 2956 1609 3006 καὶ
1641 2961 1739 3024 τῆς
1775 2953 2035 3024 ἡμετέρας
2074 2951 2368 3022 πραότητος
2408 2951 2654 3022 ἀλλότρια
2691 2944 2826 3003 εἶναι

522 3043 709 3109 ἐδόκει,
758 3051 920 3097 ταῦτα
968 3045 1246 3116 ὑφαιρεθῄ,
1294 3044 1382 3095 καὶ
1428 3049 1515 3094 νῦν
1564 3044 1794 3109 Euseb.,·
1850 3041 2279 3103 continebantur,
2339 3057 2458 3093 cum
2513 3040 2624 3102 illa,
2682 3056 2824 3109 quae

523 3151 740 3204 prorsus
780 3134 998 3186 sinistra
1038 3136 1092 3186 et
1131 3149 1162 3185 a
1198 3136 1385 3185 nostra
1421 3131 1837 3186 mansuetudine
1878 3131 2054 3184 aliena
2084 3146 2201 3184 esse
2229 3129 2572 3192 uidebantur,
2603 3129 2822 3182 omnino
2875 3171 2881 3175 ⁴

524 3225 921 3285 remoueantur,
969 3239 1108 3275 nunc
1154 3222 1548 3288 Bueuemamu
1604 3220 2023 3275 continebantur
2070 3222 2125 3272 et
2172 3234 2309 3287 quae
2358 3234 2574 3287 prorsus
2629 3217 2852 3271 laeuae

525 3313 644 3380 (uel
683 3312 959 3377 sinistrae)
1001 3316 1056 3364 et
1094 3329 1124 3364 a
1159 3313 1347 3363 nostra
1386 3311 1674 3364 clementia
1714 3310 1920 3363 alienae
1951 3325 2068 3362 esse
2097 3307 2441 3371 uidebantur,
2470 3323 2611 3359 nunc
2634 3306 2825 3360 Dueb-

523 3418 625 3454 ner
661 3406 710 3453 et
749 3400 883 3453 alii.-
918 3400 1065 3467 quod
1099 3401 1149 3453 si
1183 3400 1462 3468 recipitur,
1501 3400 1669 3454 nimis
1709 3414 1895 3466 aspere
1918 3397 2273 3465 imperatores
2298 3397 2410 3464 ipsi
2437 3396 2503 3449 de
2528 3396 2645 3448 suis
2672 3401 2822 3448 ‘con-

523 3489 855 3543 dicionibus'
892 3489 1163 3551 iudicant,
1196 3494 1358 3556 atque
1395 3489 1578 3541 obstat
1616 3488 1782 3540 etiam
1811 3486 2088 3539 Eusebius
2195 3487 2230 3538 4
2266 3486 2435 3538 libere
2465 3487 2557 3551 (ex
2583 3483 2824 3538 Eusebio

527 3576 824 3647 ἐλευθέρως
861 3595 915 3627 τε
952 3575 1039 3627 καὶ
1076 3575 1282 3642 ἁπλῶς)
1330 3575 1626 3628 Columbus
1672 3574 1927 3629 Toinard
1964 3574 2085 3637 alii,
2125 3590 2312 3627 cauere
2359 3573 2428 3637 0,·
2464 3575 2594 3640 fort.
2635 3578 2821 3642 aperte

527 3664 701 3717 Halm
714 3684 732 3730 ,·
769 3680 957 3718 cauere
995 3667 1058 3717 ut
1095 3664 1412 3733 simpliciter
1447 3664 1527 3720 ed.
1576 3663 1750 3718 Oxou.
1791 3666 1962 3726 1680,
2002 3679 2219 3716 caneres
2258 3666 2319 3715 ut
2357 3662 2675 3732 simpliciter
2707 3662 2824 3716 Bo-

519 3754 776 3818 ]ierelluS,
804 3755 930 3807 item
956 3754 1267 3819 Bentleius;
1295 3770 1436 3807 nunc
1460 3770 1587 3807 uere
1618 3743 1689 3807 ac'
1707 3753 1876 3806 libere
1902 3752 2167 3815 Bauldri‚
2196 3767 2322 3804 uere
2352 3752 2517 3804 etiam
2535 3751 2826 3818 Duebner;

514 3858 630 3911 pro
668 3859 809 3895 nunc
848 3858 1037 3895 cauere
1083 3840 1298 3895 Tollius
1334 3859 1474 3895 nunc
1512 3845 1835 3895 reuocentur
1872 3842 2012 3895 coni.
2126 3841 2158 3893 6
2198 3840 2479 3909 religionis
2518 3840 2599 3893 ed.
2647 3839 2820 3893 Oxou.

529 3933 701 3993 1680,
746 3930 997 3999 religioni
1053 3928 1123 3995 C;
1177 3930 1245 3997 cf.
1299 3928 1514 3990 ἕκαστος
1561 3935 1665 3982 τῶν
1712 3929 1808 3999 τὴν
1849 3928 2009 3999 abr-'qv
2057 3927 2351 3999 προαίρεσιν
2391 3925 2692 3999 ἐσχηκότων
2729 3934 2824 3979 τοῦ

528 4016 800 4086 φυλάττειν
839 4019 934 4089 τὴν
971 4024 1074 4069 τῶν
1112 4017 1437 4088 Χριστιανῶν
1464 4017 1753 4088 θρησκείαν
1792 4019 1990 4074 Euseb.
2119 4019 2147 4070 7
2187 4017 2355 4070 ullam
2391 4015 2525 4081 Bal,
2562 4015 2711 4067 illam
2754 4015 2828 4081 0,·

525 4101 655 4155 ἄνευ
684 4108 821 4168 τινὸς
852 4105 1125 4177 ὀχλήσεως
1154 4107 1351 4160 Euseb.
1587 4109 1619 4160 9
1658 4107 1970 4175 plenissime
1997 4107 2129 4169 Bal,
2158 4105 2472 4174 plenissima
2508 4103 2576 4169 0,·
2605 4104 2825 4156 ἅτινα-

531 4190 864 4262 πληρέστατα
929 4192 1164 4262 δηλῶσαι
1229 4192 1634 4266 ἓδογματίσαμεν
1700 4195 1902 4251 Euseb.
1970 4195 2009 4264 ,ξ
2080 4199 2114 4249 7
2369 4194 2434 4246 12
2508 4192 2717 4245 hisdem
2785 4193 2829 4245 C

537 4281 600 4333 13
640 4281 906 4422 ingelligit
947 4282 993 4335 C
1100 4283 1361 4340 13—231,
1400 4284 1434 4335 4
1474 4284 2074 4351 (etiam—facultatem)
2115 4284 2388 4337 Eusebius
2415 4281 2479 4352 (5
2508 4283 2569 4347 8)
2601 4280 2830 4335 liberius

528 4370 695 4422 reddi
738 4371 780 4424 it
