3132 5043
1159 456 1749 525 Prolegomena.
2420 456 2600 520 XXV

298 651 624 735 insignem
689 650 952 716 Carolus
1012 652 1203 716 Halm
1265 645 1612 728 tribuit.¹3)
1670 650 1930 714 Minime
1987 651 2142 714 item
2189 650 2600 715 iudicandum

299 760 405 821 est
443 757 520 821 de
559 757 834 822 editione
861 758 1282 842 Lengletii
1319 758 1598 843 (Paris,
1646 759 1878 835 1748,
1918 757 2045 821 uol.
2086 758 2150 820 Il
2186 777 2246 839 p.
2293 758 2418 820 180
2460 756 2601 837 εε.)’,

301 865 410 927 cui
469 864 729 929 editioni
788 865 1041 929 omnino
1098 866 1335 929 nimius
1395 884 1431 927 a
1488 864 1870 947 quibusdam
1925 864 2126 928 honos
2175 863 2432 927 habitus
2482 866 2603 942 est,

300 974 467 1053 quos
528 971 803 1035 fortasse
866 971 1219 1054 amplitudo
1282 972 1683 1036 uoluminum
1745 971 1952 1035 mouit
2010 968 2283 1051 receptis
2334 970 2604 1034 aliorum

306 1078 477 1141 notis
528 1077 1198 1161 disputationibusque
1246 1078 1431 1142 ualde
1481 1079 1916 1143 adauctorum.
1969 1075 2093 1154 Qui
2142 1096 2286 1140 cum
2335 1095 2412 1139 ne
2454 1078 2603 1141 scri-

304 1187 529 1265 pturas
599 1183 947 1248 Colbertini
1013 1184 1269 1266 quidem
1319 1186 1475 1250 satis
1527 1187 1819 1249 accurate
1865 1176 2214 1249 indicasset
2261 1183 2367 1267 (cf.
2417 1201 2607 1265 supra

303 1312 363 1374 p.
430 1292 605 1376 XII),
669 1292 809 1372 ipse
875 1291 1131 1356 minime
1205 1294 1453 1356 tantum
1520 1295 1828 1373 quantum
1902 1291 2161 1354 uidetur
2227 1290 2305 1354 ad
2367 1290 2602 1354 librum

308 1397 774 1462 emendandum
844 1398 1089 1462 attulit:
1158 1417 1303 1461 nam
1367 1399 1554 1482 longe
1621 1397 1927 1481 plurimas
1996 1397 2390 1463 coniecturas
2449 1413 2605 1478 quas

303 1504 569 1586 profert,
617 1504 744 1568 iam
790 1505 838 1568 ii
883 1505 1255 1568 inuenerant
1302 1524 1571 1586 quorum
1618 1508 1800 1569 notas
1846 1505 1986 1586 ipse
2033 1505 2313 1588 integras
2363 1522 2433 1566 ex
2482 1495 2608 1566 edi-

304 1612 481 1676 tione
528 1611 915 1675 Bauldriana
962 1615 1251 1694 sumptas
1301 1631 1452 1676 suae
1503 1611 1819 1676 adnexuit.
1867 1610 2156 1675 Bauldrii
2205 1610 2373 1674 enim
2421 1627 2607 1691 appa-

303 1721 543 1796 ratum,
593 1721 667 1782 ut
716 1737 906 1799 supra
953 1718 1194 1782 dictum
1243 1722 1361 1795 est,
1409 1717 1785 1801 Lengletius
1851 1720 2057 1782 totum
2106 1717 2362 1800 repetiit
2410 1717 2498 1801 (II
2544 1736 2608 1797 p.

308 1824 718 1910 275—760).
1188 1820 1193 1831 ’

398 1932 612 1996 Etiam
687 1934 835 2014 post
911 1931 1252 1995 editionem
1317 1933 1403 1996 Le
1422 1931 1700 2014 Noutryi
1777 1930 2004 2015 (1710)
2077 1931 2241 1995 liber
2302 1930 2608 1994 Mortium

309 2039 571 2120 saepius
623 2038 965 2121 separatim
1014 2038 1223 2102 editus
1274 2042 1390 2103 est.
1431 2040 1524 2102 Ea
1564 2038 1758 2103 editio
1801 2057 1956 2120 quae
1996 2037 2238 2120 prodiit
2282 2036 2610 2102 Graecii

308 2166 367 2213 a.
420 2147 451 2209 1
479 2147 513 2210 7
536 2148 574 2208 2
597 2147 634 2209 6
681 2166 872 2225 opera
936 2150 992 2208 et
1054 2146 1402 2226 sumptibus
1461 2145 1886 2209 Bibliothecae
1959 2144 2199 2209 Catech.
2264 2143 2397 2207 Soc.
2462 2142 2612 2206 Iesu

319 2251 599 2330 Graeca,
665 2255 804 2316 tota
866 2253 1047 2317 fluxit
1112 2272 1184 2316 ex
1249 2252 1523 2317 editione
1593 2252 1845 2318 Cellarii
1910 2254 1996 2335 (in
2051 2252 2382 2316 Lactantio
2445 2223 2609 2325 eius,

308 2360 488 2442 Lips.
558 2357 776 2442 1698),
839 2360 1021 2424 cuius
1081 2361 1145 2423 et
1198 2361 1442 2424 textum
1502 2362 1566 2422 et
1618 2362 1801 2423 notas
1859 2359 2158 2424 continet.
2214 2356 2610 2422 Posteriores

310 2466 627 2549 quaedam
670 2465 979 2530 editiones
1015 2466 1267 2531 etiamsi
1304 2466 1565 2530 inmixta
1606 2467 1907 2531 nonnulla
1944 2466 2181 2531 habent
2209 2484 2280 2530 ex
2310 2464 2451 2528 aliis
2485 2463 2615 2527 edi-

308 2571 599 2636 tionibus
669 2574 943 2653 sumpta,
989 2573 1201 2635 tamen
1268 2591 1302 2635 a
1364 2572 1782 2656 Lengletiana
1845 2572 2251 2653 potissimum
2316 2570 2611 2654 pendent.

307 2679 530 2743 Prima
578 2698 793 2742 earum
842 2681 1148 2759 quantum
1199 2678 1437 2742 scimus
1488 2681 1588 2742 est
1633 2680 1813 2742 haec:
1865 2678 1939 2741 L.
1985 2677 2244 2742 Caecilii
2290 2675 2615 2739 Firmiaui

313 2783 645 2848 Lactantii
692 2782 882 2846 Liber
933 2784 1275 2865 sinyularis
1327 2782 1428 2847 De
1481 2783 1806 2849 Mortibus
1862 2783 2338 2848 Persecutorum
2393 2784 2615 2844 auctus

310 2890 599 2970 notisque
626 2888 982 2953 illustratus
1019 2908 1226 2968 opera,
1267 2909 1341 2951 ac
1374 2890 1586 2953 studio
1623 2887 1706 2952 P.
1735 2888 1821 2952 D.
1858 2888 2203 2953 Ioannis
2237 2888 2613 2952 Andreae

309 2997 676 3060 Paterno
715 2993 1071 3058 Castello
1110 2994 1435 3059 Casinatis
1460 2995 1764 3058 monach-i.
1809 2994 2143 3059 Venetiis
2163 2999 2371 3057 1766.
2402 2986 2616 3058 Habet

318 3103 650 3187 singulare
696 3101 838 3178 hoc,
889 3102 1059 3183 quod
1104 3102 1270 3165 inter
1308 3102 1515 3183 capita
1556 3106 1592 3164 3
1637 3107 1699 3166 et
1735 3103 1777 3164 4
1812 3102 1959 3165 libri
1996 3101 2299 3166 Mortium
2339 3101 2616 3183 quinque

314 3209 530 3291 capita
584 3208 826 3272 inserta
883 3211 1032 3272 sunt
1089 3208 1320 3290 quibus
1378 3209 1705 3284 Traianus,
1755 3209 2135 3284 HadrianuS‚
2184 3209 2439 3272 Marcus
2487 3208 2618 3271 Au-

311 3316 536 3393 reliuS‚
600 3314 950 3397 Septimius
1002 3314 1298 3392 Seueru8‚
1348 3315 1733 3378 Maximinus
1783 3315 1983 3378 Thrax
2042 3315 2489 3378 describuntur
2543 3315 2617 3378 ut

312 3424 761 3505 persecutores
829 3421 1134 3486 ecclesiae
1203 3420 1603 3486 Christianae
1670 3423 2193 3503 calamitatesque
2260 3440 2476 3486 eorum
2544 3433 2616 3484 ac

312 3533 559 3594 mortes
606 3528 1005 3593 miserabiles
1052 3528 1291 3593 iudicio
1341 3529 1440 3592 dei
1486 3528 1566 3592 iis
1613 3529 1850 3592 inlatae
1899 3529 2126 3610 cupide
2173 3528 2378 3612 magis
2429 3546 2618 3610 quam

315 3655 468 3699 uere
535 3634 984 3718 depinguntur.
1041 3635 1202 3699 Post
1262 3635 1675 3699 interuallum
1741 3639 1993 3700 centum
2059 3654 2255 3718 paene
2313 3653 2618 3698 annorum

318 3746 545 3807 secuta
601 3747 702 3806 est
761 3741 954 3806 editio
1014 3740 1201 3805 Isacii
1267 3741 1466 3805 Coelii
1519 3742 1848 3806 Firmiani
1903 3739 2227 3805 Lactantii
2281 3739 2472 3803 Liber
2515 3739 2619 3803 De

317 3848 645 3912 Mortibus
686 3852 1176 3928 persecutorum.
1231 3831 1497 3911 Editiou
1553 3848 1857 3932 classique
1906 3853 1946 3911 a
1990 3848 2219 3931 Z'usaye
2273 3849 2382 3911 des
2427 3849 2619 3911 e'leves'

320 3956 397 4018 cle
462 3956 826 4036 cinquieme.
892 3955 1062 4018 Avec
1124 3956 1233 4018 des
1296 3955 1663 4019 sommaires
1727 3958 1783 4018 et
1838 3956 1948 4018 des
2006 3959 2179 4018 notes
2224 3954 2617 4034 historiqueS,

314 4062 810 4145 yeoyraphiques
847 4065 904 4124 et
931 4061 1454 4144 qrammaticales.
1485 4059 1626 4124 Par
1656 4061 1753 4124 M.
1791 4061 2036 4125 Z'Abbe'
2070 4060 2144 4124 L.
2190 4060 2619 4141 Guepratte.

332 4336 337 4339 p
404 4269 891 4339 ¹³)Disputationis
932 4288 981 4339 p.
1012 4270 1118 4323 XII
1154 4270 1465 4324 nominatae
1504 4288 1556 4340 p.
1603 4270 1703 4325 163
1744 4271 1949 4325 ...der
1997 4271 2261 4339 treffliche
2297 4271 2621 4335 Heumanm

324 4359 515 4412 dassen
547 4358 748 4412 schb‘ne
784 4358 1232 4412 Emendationen
1267 4375 1400 4413 mart
1438 4359 1590 4412 allzu
1625 4360 1798 4429 weniy
1829 4359 2129 4429 yewu'rdiyt
2165 4360 2281 4413 hat.
