3132 5043
1055 515 1436 568 nominum
1499 525 1572 568 et
1627 532 1892 570 rerum.

362 707 584 760 fuerunt
623 708 715 777 qui
755 712 942 761 contra
980 725 1097 761 eam
1137 707 1448 762 scribebant

361 795 389 848 I
448 798 574 861 403,
627 797 888 859 11-411,
936 797 984 850 8.
1039 798 1118 850 14.
1179 795 1445 865 quomodo

362 884 730 954 redarguendi
768 885 880 937 sint
915 885 942 937 Ι
977 886 1101 948 400,
1135 885 1363 947 8—403‚
1395 885 1443 937 8.

360 976 489 1039 411,
532 974 794 1035 22-413,
837 976 885 1027 6.
941 973 1045 1026 (1116
1092 974 1148 1025 111
1184 973 1447 1042 Bithynia

364 1063 667 1116 extiterunt
723 1063 748 1115 Ι
804 1061 925 1125 403,
988 1063 1068 1114 14.
1133 1062 1274 1115 alter
1335 1066 1445 1115 tres

359 1151 535 1205 libros
592 1152 834 1204 euomuit
889 1154 1075 1204 contra
1130 1151 1448 1220 religionem

358 1256 670 1308 nomenque
721 1239 1089 1294 Christianum
1135 1241 1161 1293 I
1209 1241 1331 1305 403,
1381 1241 1445 1293 17

361 1346 433 1381 ss.
473 1329 600 1391 404,
635 1329 897 1392 14—405,
928 1331 1014 1383 22.
1056 1330 1191 1382 alius
1224 1328 1443 1394 (Hiero-

360 1418 491 1483 cles)
545 1416 770 1471 eandem
817 1418 1099 1472 materiam
1145 1417 1445 1471 mordacius

362 1508 586 1577 scripsit
641 1508 668 1560 Ι
723 1507 844 1569 405,
898 1508 966 1560 22
1015 1525 1104 1570 ss.,
1162 1507 1447 1576 conposuit

358 1597 583 1649 libellos
633 1597 766 1649 duos
804 1614 912 1650 non
954 1603 1142 1650 contra
1182 1596 1444 1651 Christia-

358 1702 478 1748 nos.
533 1685 630 1739 sed
677 1685 745 1739 ad
794 1685 1132 1740 Christianos
1179 1687 1206 1739 I
1253 1686 1375 1749 406,
1414 1687 1444 1738 3

359 1776 560 1838 —411‚
590 1777 639 1828 6.
682 1791 814 1843 quos
844 1773 1158 1846 φιλαλήθης
1188 1774 1446 1827 adnotare

361 1880 529 1916 ausus
581 1867 665 1916 est
712 1864 737 1915 I
773 1864 897 1926 410,
946 1864 1025 1916 11.
1085 1863 1151 1916 cf.
1203 1863 1442 1916 ecclesia.

357 1953 687 2021 persecutio,
727 1960 1114 2022 persecutores
1153 1982 1216 1990 ——-
1258 1953 1445 2005 rescri-

358 2044 472 2110 pta,
517 2041 715 2104 edicta,
754 2041 971 2094 litterae
1026 2041 1327 2110 principum
1378 2039 1447 2093 ad

360 2129 708 2183 Christianos
754 2130 1085 2198 pertinentia
1135 2130 1162 2182 Ι
1206 2130 1329 2190 436.
1382 2131 1440 2183 11

361 2225 416 2287 (a
470 2219 795 2272 Domitiano
851 2218 1097 2286 Ulpiano
1148 2218 1214 2271 de
1267 2218 1444 2271 officio

357 2308 705 2377 proconsulis
744 2308 882 2361 libro
913 2308 1143 2377 septimo
1176 2308 1443 2373 collecta).

358 2398 415 2450 ΙΙ
461 2399 522 2451 M
576 2397 697 2461 187,
735 2398 771 2450 4
811 2395 1202 2461 (Diocletiani).
1256 2396 1441 2460 189,·1

362 2486 764 2552 (Diocletiani).
817 2487 941 2549 212,
991 2487 1058 2541 10
1115 2486 1446 2555 (Maximiani

362 2575 616 2644 Galerii).
666 2576 787 2639 228,
830 2577 911 2629 13.
957 2575 1020 2630 15
1078 2575 1447 2640 (Constantini

361 2671 415 2718 et
452 2664 700 2734 Licinii).
736 2694 796 2704 -
831 2663 1126 2718 Christiani
1163 2665 1218 2717 lI
1246 2665 1300 2716 M
1330 2665 1445 2727 185,

362 2749 410 2808 2.
453 2754 505 2806 6.
552 2754 638 2806 23.
683 2755 799 2816 187,
845 2754 926 2808 17.
970 2755 1203 2817 197,11.
1247 2753 1444 2814 198,1.

360 2843 484 2904 201,
527 2841 582 2895 8.
637 2843 781 2910 [212,
824 2843 904 2895 14.
948 2844 1030 2897 17.
1084 2843 1205 2902 213,
1244 2843 1294 2895 9.
1338 2842 1445 2909 15.]

360 2933 483 2996 214,
518 2932 609 2984 20.
641 2931 762 2994 215,
792 2932 841 2984 2.
875 2932 921 2984 7.
961 2931 1101 3001 [229,
1133 2933 1179 2984 2.
1217 2931 1296 2983 11.
1326 2932 1448 2990 230.

364 3020 445 3073 11.
473 3021 606 3083 231,
636 3021 687 3076 8.
722 3021 802 3073 14.
836 3021 956 3080 232,
988 3021 1036 3073 2.
1067 3021 1115 3073 9.
1149 3020 1250 3088 15.]
1291 3019 1448 3073 Chr-i-

358 3109 546 3161 stiani
585 3110 948 3177 appellantur
991 3110 1191 3162 nostri:
1242 3111 1310 3177 cf.
1351 3111 1449 3162 In·

360 3198 466 3251 dic.
516 3198 739 3253 uerbor.
791 3229 853 3236 —
903 3198 1134 3268 populus
1191 3203 1376 3251 noster
1425 3198 1449 3249 I

358 3289 484 3350 422,
543 3287 630 3341 18.
676 3287 800 3349 429,
844 3287 889 3339 1.
942 3285 1065 3349 438,
1106 3287 1153 3339 6.
1203 3288 1323 3348 447,
1364 3287 1448 3339 20.

358 3376 484 3441 460,
541 3376 628 3427 14.
689 3374 777 3428 (161
831 3376 1063 3445 populus
1119 3376 1145 3429 I
1194 3376 1313 3437 394,
1369 3374 1449 3427 13.

358 3466 485 3527 471,
528 3465 585 3519 8.
624 3466 745 3528 476,
790 3467 869 3518 11.
910 3466 1032 3526 477,
1073 3466 1157 3518 24.
1203 3465 1325 3526 631,
1367 3465 1448 3518 17.

358 3553 545 3608 iustus
597 3552 827 3622 populus
873 3551 903 3605 Ι
943 3553 1069 3615 404,
1121 3553 1201 3605 14.
1244 3552 1364 3610 639,
1403 3551 1450 3604 8.

362 3658 496 3695 nera
556 3642 831 3711 sapientia
884 3642 941 3694 in
991 3625 1451 3709 religione'Chri-

363 3732 551 3784 stiana
593 3731 710 3783 sola
747 3734 994 3784 uersatur
1031 3730 1056 3781 I
1087 3731 1207 3792 302,
1243 3730 1287 3784 1.
1329 3729 1452 3781 reli·

363 3820 454 3888 gio
510 3835 822 3887 nomenque
862 3817 1229 3872 Christianum
1268 3818 1294 3870 I
1331 3819 1452 3878 404,

368 3911 448 3963 15.
522 3909 748 3978 [religio
807 3907 1235 3962 Christianorum
1291 3906 1345 3958 11
1399 3905 1456 3956 M

363 3999 489 4062 230,
521 3999 600 4066 6.]
637 3996 1064 4050 Christianorum
1094 4013 1288 4048 nomen
1321 3995 1371 4047 11
1400 3995 1455 4046 Μ

367 4087 487 4150 187,
534 4088 621 4142 19.
666 4086 807 4156 [226,
851 4087 930 4139 10.
973 4087 1093 4148 230,
1131 4087 1197 4153 1.]
1243 4085 1455 4153 [corpus

366 4174 807 4230 Christianorum
847 4173 902 4227 11
936 4175 993 4227 Μ
1021 4174 1143 4236 232,
1176 4175 1222 4226 7.
1260 4174 1339 4225 11.
1374 4174 1454 4228 15.

369 4266 493 4327 233,
537 4265 613 4332 3.]
672 4263 983 4332 philosophi
1023 4266 1202 4315 sectae
1241 4266 1456 4313 nostrae

372 4354 428 4419 (i.
470 4371 514 4407 e.
561 4352 885 4418 Christiani)
933 4352 1073 4404 male
1120 4367 1261 4404 nunc
1306 4350 1457 4403 audi-

368 4448 484 4507 unt,
529 4440 677 4511 quod
716 4439 858 4492 uitia
893 4439 990 4492 sub
1029 4439 1258 4491 obtentu
1287 4438 1457 4490 nomi-

2516 519 2642 582 291

1572 709 1656 761 nis
1706 709 1884 762 celent
1928 709 1984 762 II
2030 711 2080 773 4,
2125 710 2185 762 11
2229 727 2297 763 ss.
2355 713 2452 763 aut
2497 710 2653 762 uitiis

1573 796 1777 849 mederi
1817 802 1911 851 aut
1949 815 2012 852 ea
2043 815 2260 867 prorsus
2289 798 2525 866 effugere
2555 798 2652 851 de·

1572 886 1704 939 bent
1744 888 1798 941 11
1834 889 1884 951 4,
1928 890 2009 943 15.

1500 974 1776 1029 Christus:
1819 977 1961 1045 quod
1999 994 2194 1030 nomen
2232 976 2435 1030 habeat
2469 976 2497 1029 Ι
2527 976 2653 1038 291,

1578 1064 1838 1127 11—293‚
1889 1067 1938 1117 3.
1989 1067 2110 1129 713,
2162 1067 2386 1121 17-19,
2432 1065 2586 1118 Iesus
2624 1065 2655 1117 Ι

1575 1152 1696 1215 293,
1727 1152 1777 1206 8.
1807 1154 1978 1206 latine
2012 1152 2212 1207 dicitur
2251 1154 2503 1207 salutaris
2534 1154 2651 1206 siue

1574 1241 1815 1294 saluator
1851 1243 1878 1295 Ι
1916 1245 2036 1307 311,
2077 1245 2126 1297 3.
2167 1245 2288 1306 312,
2331 1244 2378 1296 1.
2411 1243 2533 1306 713,
2564 1243 2649 1295 20.

1575 1331 1658 1383 23.
1701 1331 1820 1393 714,
1861 1334 1910 1385 5.
1959 1348 2116 1385 uerus
2165 1332 2315 1385 Iesus
2351 1331 2378 1385 1
2419 1332 2540 1393 346,
2585 1331 2654 1384 10

1575 1436 1642 1471 ss.
1692 1436 1788 1487 per
1835 1420 2108 1475 Christum
2155 1420 2334 1473 Iesum
2373 1421 2398 1473 Ι
2437 1421 2558 1484 327,
2600 1421 2652 1472 6.

1577 1524 1754 1561 accus.
1795 1510 1974 1562 Iesum
2002 1508 2030 1561 I
2059 1510 2180 1572 347,
2223 1510 2269 1562 7.
2302 1510 2422 1571 714,
2454 1511 2502 1563 5.
2538 1509 2648 1563 abl.

1572 1596 1696 1649 Iesu
1735 1597 1761 1649 I
1801 1599 1921 1661 327,
1970 1598 2018 1651 9.
2073 1599 2154 1652 10.
2208 1597 2289 1651 14.
2342 1596 2586 1652 Christus
2624 1596 2655 1649 I

1574 1686 1695 1747 293,
1745 1686 1972 1749 8—295,
2023 1687 2072 1742 3.
2120 1686 2241 1749 318,
2292 1687 2374 1740 10.
2426 1688 2547 1748 645,
2600 1686 2650 1740 6.

1575 1774 1694 1837 713,
1735 1776 1796 1827 21
1842 1792 1911 1830 ss,
1953 1775 2071 1838 714,
2104 1778 2152 1828 5.
2188 1774 2444 1829 Chrestus
2472 1776 2499 1827 I
2528 1777 2654 1837 294,

1575 1864 1623 1916 2.
1674 1862 1986 1934 ὴλειμμένος
2035 1863 2063 1916 I
2113 1864 2234 1925 294,
2293 1865 2373 1917 13.
2427 1864 2657 1917 Messias

1572 1950 1600 2003 Ι
1647 1952 1769 2012 294,
1820 1952 1867 2004 2.
1915 1951 2234 2005 Emmanuel
2277 1952 2305 2005 I
2352 1953 2495 2021 [310,
2548 1952 2655 2021 10].

1574 2040 1694 2101 311,
1749 2042 1797 2093 2.
1854 2042 1972 2104 715,
2027 2042 2112 2094 21.
2167 2072 2234 2079 —
2286 2040 2386 2094 bis
2437 2044 2651 2102 natus,

1573 2130 1847 2198 primum
1895 2129 1960 2181 in
2008 2130 2272 2198 spiritu,
2311 2133 2552 2199 postea
2589 2131 2655 2182 in

1577 2234 1768 2270 carne
1808 2217 1832 2268 I
1871 2218 1996 2279 295,
2045 2220 2092 2271 5.
2135 2218 2257 2284 316,
2300 2219 2381 2272 15.
2425 2220 2543 2283 715,
2588 2220 2649 2271 11

1574 2324 1642 2359 ss,
1697 2306 1910 2375 prima
1960 2307 2293 2359 natiuitas
2342 2306 2369 2359 Ι
2406 2308 2526 2370 291,
2570 2307 2657 2362 12.

1575 2396 1696 2459 295,
1749 2395 1980 2457 4—201,
2034 2395 2081 2450 3.
2137 2396 2258 2457 316,
2318 2398 2395 2449 16.
2436 2395 2557 2457 337,
2601 2396 2649 2448 2.

1577 2486 1698 2551 715,
1729 2485 1989 2547 10--716,
2034 2485 2114 2538 15.
2145 2483 2201 2536 in
2238 2484 2414 2553 prima
2449 2483 2654 2537 natiui-

1573 2577 1690 2627 tate
1738 2573 1972 2640 spiritali
2022 2576 2232 2625 creatus
2274 2589 2332 2625 ex
2381 2573 2495 2625 solo
2552 2573 2656 2626 deo

1575 2667 1792 2716 sanctus
1845 2663 2067 2732 spiritus
2118 2662 2292 2715 factus
2339 2662 2366 2714 Ι
2406 2663 2524 2722 715,
2571 2663 2652 2715 12.

1578 2752 1707 2804 deus
1745 2750 1996 2820 produxit
2035 2750 2265 2804 similem
2296 2751 2376 2803 sui
2408 2751 2657 2820 spiritum

1577 2840 1872 2893 uirtutibus
1925 2839 2094 2908 patris
2148 2838 2234 2892 dei
2285 2838 2590 2908 praeditum
2628 2837 2656 2890 Ι

1580 2929 1701 2994 129,
1742 2930 1825 2981 11.
1869 2928 2139 2997 [spiritum
2177 2932 2402 2991 rectum,
2442 2926 2533 2995 qui
2574 2930 2662 2979 est

1579 3017 1679 3069 deo
1747 3021 2022 3085 tamquam
2081 3016 2299 3069 dextera
2353 3016 2380 3068 Ι
2440 3015 2556 3080 130,
2624 3017 2659 3068 5

1581 3105 1700 3159 adn.
1744 3122 1812 3158 cr.
1854 3106 1963 3174 §2
2003 3105 2266 3157 bonorum
2307 3121 2521 3158 suorum
2562 3121 2660 3172 po-

1578 3198 1838 3247 testatem
1876 3194 1958 3246 illi
1998 3192 2329 3261 adsignauit,
2370 3193 2560 3246 dilexit
2597 3198 2659 3244 ut

1578 3284 1780 3336 bonum
1836 3283 2034 3345 filium;
2094 3298 2214 3334 eum
2277 3281 2532 3335 instruxit
2597 3284 2664 3333 ut

1582 3375 1815 3425 certaret
1873 3388 1990 3423 cum
2043 3372 2237 3440 spiritu
2290 3387 2473 3439 prauo,
2525 3368 2659 3421 ibid.

1579 3469 1608 3524 ξ
1660 3461 1731 3529 7.]
1788 3465 2030 3513 sanctum
2087 3464 2141 3512 et
2196 3457 2660 3527 incorruptibilem

1582 3551 1829 3619 spiritum
1868 3549 2074 3617 genuit,
2115 3564 2273 3616 quem
2314 3547 2482 3599 filium
2521 3563 2658 3598 nun-

1584 3642 1806 3707 cuparet
1851 3638 1878 3690 I
1927 3637 2048 3699 286,
2101 3638 2147 3692 7.
2197 3635 2261 3688 de
2317 3634 2661 3688 aeternitatis

1583 3745 1711 3781 suae
1737 3729 1889 3781 fonte
1922 3725 2093 3793 deque
2125 3724 2307 3776 diuino
2339 3723 2532 3792 spiritu
2561 3739 2661 3775 suo

1581 3817 1750 3869 filium
1803 3813 2092 3884 progenuit
2126 3813 2154 3865 Ι
2194 3813 2313 3873 712,
2369 3811 2449 3864 18.
2506 3813 2660 3863 ante·

1585 3922 1744 3974 quam
1798 3903 2052 3956 mundum
2104 3901 2420 3954 institueret
2470 3900 2498 3952 Ι
2540 3900 2661 3962 129,

1585 3996 1632 4048 8.
1697 3994 1818 4055 286,
1882 3995 1930 4046 6.
1998 3992 2117 4053 712,
2179 3991 2262 4045 17.
2321 3989 2514 4041 summi
2573 3987 2662 4040 dei

1584 4083 1727 4136 filius
1766 4081 1793 4133 I
1831 4081 1952 4141 286,
2011 4079 2271 4136 11-291,
2328 4079 2409 4131 10.
2459 4077 2663 4146 primus

1588 4174 1643 4223 et
1689 4171 1952 4222 maximus
2000 4169 2143 4221 filius
2181 4167 2208 4219 I
2252 4166 2369 4228 131,
2423 4169 2468 4221 1.
2519 4165 2666 4218 filius

1588 4258 1676 4312 dei
1729 4258 1857 4328 quid
1909 4257 2182 4325 significet
2230 4256 2257 4308 Ι
2309 4256 2429 4316 295,
2487 4257 2551 4306 14
2593 4271 2661 4306 ss,

1588 4348 1687 4401 deo
1728 4348 1871 4416 patri
1909 4345 2167 4414 probatus
2209 4347 2264 4397 et
2303 4361 2452 4397 carus
2482 4343 2509 4395 I
2543 4342 2662 4404 130,

1587 4438 1635 4492 2.
1699 4436 1764 4488 de
1828 4435 2040 4488 unitate
2072 4432 2181 4484 0dei
2237 4433 2405 4501 patris
2463 4435 2518 4484 et
2576 4430 2666 4482 dei
