3132 5043
222 1620 272 1658 10

224 2153 276 2193 15

224 2697 276 2737 20

1190 444 1402 497 liber
1448 461 1490 499 c,
1532 445 1619 499 33.
1658 446 1741 498 34.
2483 451 2611 512 213

307 640 953 717 constituerant,
1006 640 1143 704 sed
1190 660 1329 722 pro
1380 640 1727 704 arbitrio
1780 659 1911 706 suo
1961 645 2201 722 atque
2249 644 2330 704 ut
2377 641 2613 705 isdem

310 750 490 810 erat
547 747 905 823 libitum,
956 747 1073 810 ita
1131 746 1467 811 sibimet
1523 747 1755 830 leges
1813 747 2184 812 facerent
2243 766 2436 829 quas
2497 748 2613 811 ob·

310 855 772 930 seruarent,
833 854 910 916 et
964 871 1103 935 per
1160 852 1492 916 diuersa
1545 853 1826 917 uarios
1882 853 2229 936 populos
2293 873 2614 938 congre-

310 962 625 1042 garent.
722 959 1071 1041 denique
1130 978 1301 1022 cum
1360 959 1765 1024 eiusmodi
1829 964 2109 1025 nostra
2171 961 2436 1025 iussio
2504 980 2615 1024 ex-

2707 966 2738 1019 3

308 1066 679 1143 titisset‚
744 1070 833 1130 ut
899 1067 990 1130 ad
1054 1064 1453 1153 uelterum
1522 1086 1604 1131 se
1667 1066 2071 1131 instituta
2127 1068 2741 1139 confe1·rent,f.11a

305 1174 562 1237 multi
616 1174 991 1256 periculo
1056 1173 1507 1257 subiugati‚
1575 1174 1817 1238 multi
1883 1175 2127 1238 etiam
2195 1174 2614 1239 deturbati

307 1283 527 1344 sunt.
624 1283 867 1362 atque
925 1300 1099 1345 cum
1154 1281 1494 1363 plurimi
1548 1280 1626 1344 in
1673 1281 2102 1364 proposito
2152 1300 2614 1364 perseuera-

306 1390 490 1450 rent
543 1406 627 1450 ac
674 1387 1147 1451 uideremus
1196 1406 1327 1452 nec
1377 1387 1535 1451 diis
1588 1388 1910 1452 eosdem
1959 1389 2267 1452 cultum
2318 1407 2402 1452 ac
2447 1389 2614 1451 reli-

309 1492 637 1576 gionem
687 1493 1019 1558 debitam
1070 1494 1449 1558 exhibere
1499 1514 1637 1558 nec
1690 1494 2350 1559 Christianorum
2398 1494 2615 1559 deum

311 1600 784 1677 obseruare,
835 1600 1535 1682 contemplatione
1583 1600 2079 1665 mitissimae
2126 1604 2427 1665 nostrae
2478 1602 2615 1665 cle-

308 1706 693 1783 mentiae,
768 1706 1194 1770 intuentes
1281 1709 1357 1770 et
1442 1706 2126 1771 consuetudinem
2202 1707 2615 1788 sempiter-

307 1833 504 1889 nam,
577 1833 727 1895 qua
787 1814 1148 1878 solemus
1213 1814 1539 1877 cunctis
1601 1813 2069 1877 hominibus
2132 1814 2451 1877 ueniam
2514 1814 2616 1877 in-

311 1921 684 2005 dulgere,
745 1920 1444 2003 promptissimam
1504 1920 1578 1983 in
1642 1920 1767 1985 his
1828 1914 2141 2001 quoque
2198 1920 2615 2003 indulgen-

307 2026 510 2090 tiam
575 2030 936 2091 nostram
999 2026 1502 2090 credidimus
1564 2026 2153 2109 porrigendam,
2212 2028 2297 2089 ut
2359 2027 2614 2090 denuo

314 2133 484 2198 sint
561 2131 1024 2198 Christiani
1100 2135 1176 2197 et
1253 2133 1840 2197 conuenticula
1904 2152 2045 2196 sua
2113 2140 2613 2214 componant,

310 2239 431 2303 ita
500 2242 592 2303 ut
656 2259 747 2303 ne
814 2240 1009 2322 quid
1076 2242 1354 2304 contra
1421 2240 1952 2321 disciplinam
2022 2242 2283 2324 agant.
2398 2251 2615 2321 <per>

316 2347 564 2410 aliam
649 2350 915 2410 autem
1002 2346 1442 2427 epistolam
1524 2346 1948 2411 iudicibus
2035 2347 2614 2430 significaturi

315 2472 600 2517 sumus
665 2453 856 2537 quid
918 2453 1265 2517 debeant
1325 2453 1783 2517 obseruare.
1860 2453 2063 2517 unde
2125 2453 2351 2517 iuxta
2414 2454 2612 2518 hanc

311 2561 928 2646 indulgentiam
976 2563 1335 2624 nostram
1386 2561 1797 2625 debebunt
1845 2561 2071 2624 deum
2120 2580 2347 2624 suum
2406 2579 2613 2625 orare

311 2688 447 2750 pro
510 2669 787 2732 salute
843 2670 1125 2732 nostra
1183 2670 1260 2731 et
1313 2667 1429 2731 rei
1484 2667 1871 2747 publicae
1921 2686 2003 2731 ac
2055 2686 2214 2744 sua,
2263 2670 2351 2730 ut
2396 2666 2614 2730 undi-

313 2794 460 2856 que
529 2794 854 2838 uersum
914 2793 1041 2838 res
1103 2773 1439 2855 publica
1500 2776 1976 2856 praestetur
2033 2773 2476 2838 incolumis
2539 2777 2614 2838 et

313 2881 593 2945 securi
654 2881 939 2946 uiuere
1000 2880 1076 2944 in
1138 2880 1473 2945 sedibus
1538 2880 1710 2944 suis
1772 2881 2117 2964 possint.

382 3127 407 3179 1
473 3124 687 3178 hisdem
733 3124 777 3177 Ο
989 3126 1054 3176 ut
1097 3123 1271 3177 isdem
1320 3127 1436 3177 erat
1473 3122 1713 3192 libitum]
1756 3123 1829 3185 ὡς
1870 3123 2088 3185 ἕκαστος
2128 3122 2372 3192 ἐβουλετο
2410 3124 2610 3178 Euseb.

308 3216 341 3267 2
386 3215 962 3282 ita—congregarent]
1012 3213 1178 3273 οὕτως
1228 3212 1430 3274 ἑαυτοῖς
1468 3211 1556 3263 καὶ
1595 3211 1784 3281 νόμους
1822 3218 2036 3282 ποιῆσαι
2071 3212 2160 3263 καὶ
2195 3212 2408 3273 τούτους
2446 3232 2611 3283 παρα-

311 3302 603 3372 φυλάττειν,
641 3301 731 3353 καὶ
775 3300 828 3352 ἐν
878 3300 1144 3371 διαφόροις
1193 3299 1416 3371 διάφορα
1453 3298 1638 3370 πλήθη
1681 3297 1915 3370 συνάγειν
1953 3301 2174 3367 Εἰι3εό.,
2210 3302 2358 3354 unde
2394 3302 2612 3354 sibimet
2692 3361 2697 3366 ,

315 3393 434 3447 <et>
462 3391 616 3460 leges
657 3406 966 3459 anonymus
992 3406 1057 3457 p.
1101 3392 1179 3442 56
1359 3389 1394 3441 4
1434 3387 1688 3457 denique]
1735 3395 2005 3458 τοιγαροῦν
2055 3389 2256 3443 Euseb.
2296 3389 2336 3460 ἕ
2375 3394 2427 3456 8,
2466 3390 2612 3443 unde

309 3479 539 3549 proinde
579 3478 884 3533 Heumann
1020 3480 1051 3532 6
1090 3477 1606 3531 multi—deturbati
1646 3477 1794 3545 sunt]
1837 3475 2066 3529 πλεῖστοι
2102 3479 2192 3547 μὲν
2230 3477 2446 3547 κινδύνῳ
2487 3479 2609 3531 ὃπο-

314 3567 622 3639 βληθέντες,
676 3565 904 3618 πλεῖστοι
955 3565 1008 3617 δὲ
1056 3565 1412 3636 ταραχθέντες
1458 3563 1732 3626 παντοίους
1778 3564 2043 3627 θανάτους
2091 3565 2342 3636 ὑπέφερον
2393 3568 2611 3634 Εἰιεεὺ.,

306 3659 459 3710 unde
495 3657 803 3727 perturbati
835 3658 925 3709 <et
962 3655 1126 3708 uariis
1165 3654 1428 3707 mortibus
1479 3654 1691 3707 affecti>
1724 3657 1849 3707 sunt
1885 3655 2190 3709 Heumann
2370 3658 2400 3709 7
2458 3658 2612 3727 atqui

316 3746 477 3812 Gale,
517 3749 576 3799 at
612 3746 937 3811 Heumann,
974 3745 1071 3798 sed
1105 3743 1193 3795 καὶ
1228 3744 1430 3797 Euseb.
1469 3742 1509 3813 §
1550 3746 1585 3795 9
1709 3744 1775 3797 10
1815 3745 2272 3813 contemplatione
2316 3745 2610 3813 GraeuiuS,

309 3835 825 3904 contemplationem
869 3834 938 3900 0,·
995 3833 1293 3903 ἀφορῶντες
1350 3830 1422 3893 εἷς
1477 3831 1573 3901 τὴν
1628 3831 1890 3902 ἡμετέραν
1940 3831 2330 3903 φιλανθρωπίαν
2378 3835 2465 3885 ’καὶ
2514 3837 2609 3906 τὴν

313 3923 523 3995 διηνεκῆ
568 3921 851 3993 συνήθειαν
880 3921 1083 3975 Euseb.
1197 3921 1262 3974 13
1298 3920 1720 3989 promtissimam
1757 3920 1804 3973 0
1942 3922 1999 3975 in
2034 3921 2121 3974 his
2162 3922 2392 3992 quoque]
2432 3922 2520 3974 καὶ
2557 3922 2608 3974 ἐν

308 4011 476 4082 τούτῳ
513 4012 737 4078 Euseb„
774 4012 860 4065 his
900 4026 1114 4081 quoque
1155 4025 1464 4078 anonymus
1489 4026 1550 4077 p.
1598 4012 1674 4061 56
1801 4011 1866 4063 14
1905 4010 2228 4064 credidimus
2265 4011 2399 4077 Bal,
2439 4011 2609 4065 credi-

312 4115 426 4153 mus
463 4099 524 4167 G,
565 4098 874 4170 ἐνομίσαμεν
903 4099 1105 4154 Euseb.
1222 4100 1284 4152 15
1327 4102 1598 4167 coponant
1632 4098 1703 4165 G,·
1738 4099 1826 4150 καὶ
1863 4101 1982 4160 τοὺς
2021 4095 2209 4163 οἴκους,
2241 4098 2294 4151 ἐν
2334 4093 2410 4162 οἷς
2449 4100 2608 4172 συνή-

307 4205 474 4256 γοντο,
517 4189 779 4240 συνθῶσιν
817 4188 1019 4245 Euseb.
1136 4188 1201 4241 16
1238 4204 1335 4256 per
1374 4186 1503 4240 add.
1541 4187 1906 4240 ,Buenemann
1945 4203 2010 4239 ex
2046 4187 2287 4241 Eusebio
2328 4187 2388 4240 δι’
2430 4188 2608 4258 ἑτέρας

315 4273 364 4326 δὲ
408 4275 714 4347 ἐπιπολῆς,-
752 4279 858 4332 alia
898 4281 1080 4332 autem
1120 4277 1352 4346 epistola
1388 4276 1508 4330 Bal
1654 4277 1720 4329 18
1773 4275 2009 4329 debeant
2045 4277 2177 4343 Bal,
2217 4276 2419 4330 debent
2461 4276 2529 4344 0;
2563 4281 2611 4329 τί

312 4364 497 4428 αὐτοὺς
528 4366 1011 4437 παραφυλάξασθαι
1041 4363 1216 4436 δεήσει
1242 4366 1443 4419 Euseb.
1555 4365 1621 4418 21
1652 4368 1961 4433 praestetur
1985 4366 2272 4419 incolumis
2303 4381 2610 4434 anonymus

2705 1287 2740 1339 4

2708 2254 2739 2305 5
