3132 5043
200 36 766 333 s

152 334 219 380 F*

514 444 641 507 328
1570 437 1807 491 Index

587 633 911 695 Maxentius,
960 630 1089 684 ibid.
1143 630 1261 691 193,
1313 630 1394 682 15.
1446 629 1510 682 cf.
1550 628 1668 681 Ma-

587 724 818 777 xentius.
850 753 917 760 -
942 720 1147 774 Fausta
1185 719 1362 772 minor
1400 719 1515 772 eius
1555 719 1670 771 filia

587 830 716 865 uxor
743 810 1109 871 Constantini,
1148 807 1280 861 ibid.
1311 809 1434 871 204,
1468 808 1514 862 1.
1544 808 1668 869 206,

587 904 634 954 9.
691 903 771 955 15.
821 900 942 961 207,
983 900 1031 952 5.
1073 901 1120 951 ’7.
1164 898 1358 950 9-13.
1398 896 1668 950 Constan-

586 992 733 1043 tinus
787 1006 953 1059 gener
1004 989 1120 1041 eius
1176 987 1425 1055 idemque
1484 986 1669 1055 generi

584 1081 728 1133 filius
780 1079 871 1149 (sc.
924 1083 988 1131 ut
1035 1078 1189 1144 filius
1249 1076 1568 1129 Constantii
1624 1082 1672 1128 et

594 1169 929 1229 Theodorae,
951 1168 1255 1236 priuiynae
1279 1166 1671 1232 Maoeimiam),

587 1258 720 1311 ibid.
759 1258 880 1319 206,
921 1258 969 1309 9.
1012 1287 1076 1295 -
1119 1256 1233 1307 eius
1283 1271 1457 1307 mores
1498 1258 1554 1306 et
1590 1254 1670 1305 sa-

587 1348 786 1408 cinora,
859 1345 992 1399 ibid.
1064 1344 1183 1407 181,
1253 1344 1516 1407 18—182‚
1589 1344 1669 1397 13.

587 1437 800 1506 imperii
830 1435 1011 1488 sedem
1042 1433 1267 1486 tenebat
1296 1432 1515 1485 Italiam
1545 1432 1672 1485 sub-

590 1525 947 1592 iacebantque
1013 1523 1320 1591 prouinciae
1378 1521 1560 1575 Africa
1619 1523 1674 1573 et

589 1614 872 1683 Hispania,
894 1611 1027 1665 ibid.
1055 1612 1171 1673 182,
1198 1612 1351 1665 1-3.
1383 1611 1672 1681 septimum

592 1703 930 1757 consulatum
970 1702 1102 1770 agit,
1143 1702 1272 1754 ibid.
1317 1701 1434 1758 186,
1467 1700 1547 1753 18.
1579 1699 1672 1752 lit-

592 1793 724 1845 teris
774 1791 1108 1844 Diocletiani
1162 1790 1498 1846 Christianos
1551 1806 1673 1858 per·

595 1882 747 1949 sequi
828 1882 1006 1933 iussus
1085 1880 1261 1932 libens
1331 1880 1514 1948 paruit
1583 1895 1676 1947 per

599 1970 833 2033 Italiam,
886 1968 1015 2021 ibid.
1072 1970 1191 2035 189,
1245 1969 1293 2020 2.
1348 1972 1399 2023 5.
1453 1985 1572 2022 cum
1612 1984 1673 2020 eo

599 2060 906 2112 conflixerat
935 2058 1348 2111 Maximinianus
1381 2056 1675 2125 (Galerius)

602 2153 692 2213 (se.
759 2152 821 2200 ut
874 2148 1103 2214 imperio
1161 2146 1386 2212 cederet)
1447 2163 1675 2214 eumque

598 2240 881 2298 terruerat,
922 2236 1053 2289 ibid.
1089 2238 1206 2299 192,
1239 2239 1286 2291 5.
1319 2237 1676 2289 Maximianus

596 2327 738 2379 senis
796 2326 860 2379 de
920 2343 983 2379 ea
1033 2343 1088 2379 re
1150 2325 1219 2378 ad
1275 2326 1674 2378 Diocletianum

595 2417 834 2477 litterae,
883 2415 1014 2468 ibid.
1068 2416 1183 2478 193,
1225 2417 1273 2468 9.
1316 2411 1383 2467 ad
1428 2415 1674 2467 Maximi-

598 2521 759 2557 anum
798 2521 980 2558 seuem
1012 2503 1242 2558 Seuerus
1283 2523 1313 2557 a
1350 2504 1675 2558 Maximiano

602 2593 863 2659 (Galerio)
904 2594 1114 2658 missus,
1142 2598 1203 2647 ut
1234 2595 1298 2646 ab
1329 2613 1389 2646 eo
1422 2593 1679 2647 induatur

598 2684 655 2738 ti.
706 2701 747 2736 e.
806 2683 1013 2736 Caesar
1058 2685 1491 2748 nominaretur);
1542 2683 1674 2737 ibid.

605 2773 721 2834 194,
762 2773 811 2824 5.
850 2789 1009 2825 senex
1051 2773 1300 2842 expulsus
1343 2777 1395 2834 (a
1433 2773 1676 2825 Maximi-

600 2877 700 2912 ano
770 2860 1006 2923 Galerio,
1071 2875 1142 2915 se.
1206 2861 1433 2927 imperio
1498 2862 1679 2914 cedere

599 2954 863 3014 coactus),
908 2948 1040 3001 ibid.
1084 2950 1200 3012 195,
1246 2951 1325 3001 19.
1368 2950 1481 3001 eius
1531 2967 1675 3002 exer-

601 3039 738 3090 citus
770 3054 799 3090 a
827 3037 1153 3090 Maximiano
1186 3036 1444 3105 (Galerio)
1477 3039 1676 3092 Seuero

600 3126 733 3179 duce
794 3126 1019 3178 Romam
1086 3130 1274 3179 contra
1344 3127 1676 3180 Maxentium

599 3216 810 3275 missus,
847 3214 978 3267 ibid.
1019 3216 1139 3279 202,
1172 3218 1252 3270 11.
1292 3217 1408 3286 ipse
1438 3218 1494 3269 in
1524 3217 1676 3271 Cam-

598 3304 762 3372 pania
815 3320 1025 3355 morans
1066 3321 1095 3355 a
1133 3303 1403 3358 Maxentio
1444 3306 1553 3358 filio
1594 3307 1677 3359 bis

598 3392 875 3461 Augustus
940 3394 1248 3446 nominatus
1315 3395 1512 3446 Seuero
1572 3397 1677 3448 Ra-

605 3499 810 3534 uennae
848 3482 1057 3550 potitur
1087 3500 1315 3551 eumque
1344 3485 1480 3537 mori
1512 3487 1675 3554 cogit,

602 3571 732 3624 ibid.
773 3572 893 3634 202,
934 3572 1198 3636 20-203,
1236 3574 1287 3626 4.
1342 3573 1469 3626 urbe
1509 3576 1680 3628 Roma

600 3659 810 3711 munita
847 3660 1206 3727 proficiscitur
1241 3663 1294 3715 in
1338 3663 1589 3727 Galliam,
1622 3670 1680 3717 ut

602 3746 1018 3800 Constantinum
1083 3752 1325 3818 partibus
1384 3753 1493 3805 suis
1553 3770 1678 3806 con-

602 3837 812 3888 ciliaret
850 3838 1069 3890 minoris
1109 3855 1234 3892 suae
1274 3842 1416 3894 filiae
1457 3844 1677 3911 nuptiis,

601 3925 730 3977 ibid.
770 3926 889 3989 203,
930 3927 1157 3990 6-204,
1198 3931 1244 3983 2.
1285 3933 1409 3998 post
1437 3931 1679 3985 Maximi-

602 4014 692 4064 ani
724 4012 969 4078 (Galerii)
1002 4016 1226 4070 Romam
1266 4019 1465 4072 frustra
1504 4021 1680 4074 adorti

603 4102 786 4170 fugam
831 4120 945 4155 cum
988 4121 1014 4156 e
1056 4103 1234 4160 Gallia
1273 4125 1328 4160 se
1369 4111 1680 4178 recepisset,

603 4191 840 4243 habebat
896 4193 1176 4261 imperium
1234 4214 1352 4249 cum
1407 4197 1711 4252 Maxentio¹

605 4280 745 4332 filio:
778 4297 934 4348 quem
958 4299 1071 4335 cum
1106 4289 1347 4338 euertere
1380 4293 1679 4351 conaretur,

604 4384 630 4418 a
673 4369 937 4422 militibus
988 4377 1149 4426 antea
1200 4375 1327 4439 sui8‚
1383 4393 1515 4444 quos
1569 4378 1680 4430 Ma-

1793 614 2005 681 xentius
2055 645 2087 681 a
2132 628 2330 682 Seuero
2391 634 2667 697 acceperat
2719 632 2840 698 (202,

1798 718 2023 770 10-12.
2064 718 2186 781 205,
2229 718 2312 771 13.
2351 718 2474 781 223,
2510 719 2594 785 10)
2634 720 2696 773 ab
2729 722 2842 775 urbe

1794 807 1964 860 Roma
1995 811 2210 860 exactus
2241 810 2334 872 est,
2367 807 2501 861 ibid.
2530 809 2648 873 205,
2675 811 2841 864 6-21.

1795 899 1986 965 postea
2014 896 2246 966 suspicio
2268 897 2462 950 incidit
2479 898 2632 952 illum
2659 899 2844 953 finxisse

1796 984 2120 1038 discordiam
2172 1003 2288 1039 cum
2339 986 2471 1049 filio,
2522 990 2582 1040 ut
2627 990 2843 1043 omnibus

1797 1074 1919 1127 aliis
1975 1073 2207 1127 sublatis
2264 1074 2368 1127 sibi
2427 1093 2488 1128 ac
2542 1075 2651 1130 filio
2698 1079 2842 1131 totius

1797 1164 1941 1216 orbis
1970 1165 2252 1234 imperium
2280 1164 2606 1229 uindicaret;
2638 1166 2722 1219 sed
2742 1184 2844 1219 uere

1796 1252 1907 1305 filio
1977 1257 2031 1306 et
2098 1255 2291 1307 ceteris
2367 1255 2619 1308 extinctis
2682 1273 2732 1309 se
2795 1275 2846 1310 ac

1797 1341 2202 1395 Diocletianum
2232 1344 2287 1395 in
2327 1360 2552 1413 regnum
2590 1346 2846 1399 restituere

1799 1431 2036 1494 uolebat,
2091 1431 2220 1488 ibid.
2277 1432 2399 1494 222,
2439 1434 2524 1486 20.
2564 1435 2616 1486 in
2671 1434 2846 1488 Gallias

1800 1537 1919 1573 cum
1957 1520 2202 1583 redisset,
2244 1521 2311 1574 ad
2339 1521 2711 1576 Maximianum
2738 1524 2846 1593 (Ga-

1797 1609 2011 1673 lerium)
2034 1626 2088 1661 se
2113 1610 2345 1662 contulit
2368 1614 2461 1675 (sc.
2489 1611 2847 1677 Carnuntum),

1799 1702 1860 1750 ut
1899 1715 2016 1750 eum
2058 1698 2351 1753 occideret:
2403 1700 2498 1753 ubi
2535 1702 2739 1755 Diocles
2772 1703 2848 1756 Li-

1800 1788 1938 1840 cinio
1997 1787 2276 1854 imperium
2335 1789 2503 1853 dedit,
2560 1791 2684 1843 ibid.
2745 1792 2848 1853 205,

1799 1876 2064 1938 22-206,
2089 1878 2138 1932 5.
2169 1877 2444 1946 impeditis
2476 1880 2704 1932 consiliis
2728 1878 2852 1932 redit

1800 1966 1855 2017 in
1904 1966 2153 2031 Galliam,
2202 1969 2262 2019 ut
2300 1966 2708 2021 Constantinum
2744 1968 2849 2020 dolo

1800 2055 1942 2107 malo
2004 2056 2426 2120 circumueniret,
2486 2058 2580 2111 sed
2634 2059 2850 2112 Massilia

1804 2148 2065 2213 occupata
2095 2162 2124 2196 a
2152 2146 2418 2198 militibus
2456 2148 2717 2216 proditur:
2754 2148 2853 2200 uita

1802 2233 1850 2286 ei
1917 2251 1948 2286 a
2017 2233 2375 2288 Constantino
2444 2236 2685 2302 donatur,
2736 2238 2851 2291 ibid.

1801 2323 1923 2385 206,
1990 2324 2217 2387 6-207,
2284 2325 2332 2377 6.
2402 2327 2597 2393 quibus
2666 2326 2853 2379 insidiis

1800 2430 1979 2465 rursus
2000 2413 2200 2466 frustra
2223 2414 2638 2467 Constantinum
2660 2414 2853 2467 adortus

1802 2503 1874 2555 sit
1923 2505 1978 2556 et
2026 2519 2131 2572 qua
2179 2505 2352 2556 morte
2402 2504 2576 2557 uitam
2625 2504 2851 2562 finiuerit-

1802 2594 1932 2646 ibid.
1987 2595 2106 2656 207,
2162 2593 2387 2656 7-208,
2428 2596 2477 2648 5.
2519 2611 2633 2647 cum
2669 2594 2854 2662 ingenti

1803 2684 1978 2751 gloria
2026 2683 2218 2751 uiginti
2267 2699 2527 2735 annorum
2578 2685 2700 2735 uota
2734 2682 2853 2736 cele-

1801 2773 2070 2836 brauerat,
2110 2771 2240 2824 ibid.
2284 2773 2405 2835 208,
2437 2775 2484 2826 3.
2527 2774 2638 2826 eius
2667 2777 2853 2826 statuae

1801 2861 1950 2914 iussu
1985 2860 2334 2915 Constantini
2373 2863 2616 2914 reuulsae
2655 2865 2706 2914 et
2739 2863 2854 2914 ima-

1803 2950 1959 3018 gines
1989 2950 2283 3013 detractae,
2315 2950 2445 3006 ibid.
2469 2952 2589 3013 221,
2616 2953 2692 3004 16.
2722 2950 2854 3019 quasi

1802 3056 1985 3092 necem
2026 3040 2139 3092 eius
2180 3040 2545 3093 uindicaturus
2582 3041 2854 3104 Maxentius

1801 3129 1944 3181 filius
2003 3129 2358 3182 Constantino
2410 3130 2612 3186 bellum
2660 3128 2852 3182 indicit:

1803 3236 1939 3287 quae
1997 3218 2132 3270 salsa
2188 3219 2420 3287 suspicio
2473 3217 2600 3271 inde
2637 3219 2746 3270 orta
2781 3216 2854 3274 sit.

1801 3308 1933 3361 ibid.
1987 3310 2106 3372 222,
2159 3308 2418 3368 19-223,
2468 3310 2517 3361 5.
2567 3326 2598 3360 a
2634 3307 2855 3360 Dioclete

1806 3404 1860 3451 et
1897 3400 2222 3451 Maximiano
2265 3398 2584 3465 cognomina
2612 3397 2854 3449 Iouioruiu

1806 3490 1861 3540 et
1876 3488 2249 3539 Herculiorum
2268 3486 2565 3540 insolenter
2580 3486 2854 3553 adsumpta.

1806 3578 2059 3637 extincta,
2100 3575 2229 3628 ibid.
2271 3577 2394 3637 237,
2434 3576 2482 3631 8.

1734 3667 2080 3719 Maximinus:
2146 3666 2288 3718 Daia
2351 3663 2667 3717 adulescens
2721 3662 2858 3715 semi-

1803 3755 2063 3807 barbarus
2138 3771 2386 3822 pecorum
2463 3756 2651 3822 pastor
2711 3753 2763 3804 II
2816 3750 2862 3802 M

1810 3845 1924 3906 191,
1983 3845 2031 3895 8.
2092 3844 2209 3905 195,
2274 3846 2321 3899 7.
2385 3845 2468 3896 14.
2526 3844 2639 3896 eius
2687 3841 2862 3911 gradus

1804 3933 2087 3992 militareS‚
2145 3932 2276 3987 ibid.
2341 3935 2455 3995 195,
2518 3934 2599 3985 14.
2650 3950 2679 3985 a
2714 3930 2863 3984 Maxi·

1805 4021 1984 4072 miano
2044 4020 2301 4083 (Galerio)
2359 4021 2508 4074 affini
2565 4021 2865 4074 Maximinus

1807 4110 2130 4171 nominatus,
2188 4110 2317 4162 ibid.
2381 4113 2496 4174 194,
2554 4113 2602 4163 9.
2661 4128 2691 4163 a
2752 4109 2866 4161 Dio·

1807 4200 2037 4252 cletiano
2076 4199 2388 4251 Maximiani
2435 4199 2685 4267 (Galerii)
2724 4214 2868 4266 opera

1808 4289 2005 4343 Caesar
2042 4288 2234 4354 factus,
2275 4289 2404 4342 ibid.
2451 4291 2570 4351 194,
2602 4291 2633 4343 8
2663 4306 2728 4343 ss,
2763 4291 2865 4348 195.

1807 4381 1854 4431 4.
1899 4379 2088 4431 6-18,
2133 4379 2274 4445 (201,
2306 4377 2413 4442 22.)
2445 4378 2568 4442 209,
2598 4380 2683 4432 22.
2713 4376 2866 4430 Maxi-
