3132 5043
1088 467 1472 520 nominum
1535 469 1609 520 et
1664 482 1927 519 rerum.

395 664 518 726 426,
556 663 749 716 3—13.
786 664 911 726 433,
943 661 1205 724 18—436,
1240 661 1321 715 13.
1352 662 1472 723 438,

398 755 429 805 6
467 769 537 805 88.
577 753 700 815 439,
740 752 771 805 9
811 768 882 806 88.
922 752 1043 814 542,
1085 749 1169 803 12.
1219 751 1340 813 654,
1392 750 1473 803 18.

399 843 518 904 725,
570 841 831 903 18-726,
885 840 934 893 8.
978 840 1097 902 728,
1136 838 1206 892 20
1245 854 1315 891 88.
1357 854 1473 890 cru-

396 929 594 982 delitas
649 929 1044 999 persecutionis
1108 926 1472 993 (Galerianae)

396 1018 419 1070 Ι
456 1018 583 1079 434,
622 1019 657 1070 4
694 1034 763 1073 ss.
801 1019 1079 1085 spectatae
1109 1018 1239 1068 sunt
1266 1030 1478 1083 semper

394 1108 819 1176 spectanturque
892 1103 1067 1157 adhuc
1130 1121 1227 1173 per
1291 1103 1474 1156 orbem

395 1211 602 1265 poenae
662 1194 927 1247 cultorum
984 1192 1070 1246 dei
1125 1192 1153 1246 Ι
1209 1193 1332 1253 542,
1392 1192 1473 1244 11.

395 1284 489 1336 1110
548 1287 790 1351 tempore
847 1298 952 1350 quo
1008 1280 1226 1335 furebat
1290 1280 1477 1333 odiosa

394 1371 690 1425 crudelitas
728 1370 755 1423 l
791 1371 915 1433 405,
959 1371 1040 1423 17.
1082 1387 1223 1422 111018
1250 1386 1345 1439 pro
1375 1368 1475 1421 deo

395 1460 524 1525 (fide
606 1457 940 1526 innocentia)
1023 1457 1368 1527 suscipienda
1450 1457 1475 1510 Ι

394 1551 522 1611 455,
585 1549 650 1601 16
708 1565 779 1602 ss.
829 1549 954 1610 456,
1009 1548 1076 1601 14
1128 1564 1199 1600 88.
1253 1548 1372 1609 546,
1426 1548 1474 1600 2.

328 1692 331 1695 ,
394 1639 517 1701 747,
562 1637 824 1702 10-748,
866 1637 913 1691 3.
952 1637 1223 1706 patientia
1264 1640 1320 1689 et
1351 1652 1475 1689 eon-

394 1726 607 1780 stantia
656 1726 1083 1783 Christianorum
1131 1725 1186 1777 in
1225 1740 1475 1794 persecu-

392 1817 547 1870 tione
586 1817 611 1869 1
650 1816 774 1877 426,
814 1815 845 1868 8
886 1832 954 1867 88.
993 1815 1119 1877 441,
1157 1813 1387 1875 4-443,
1426 1812 1475 1866 8.

393 1907 517 1968 726,
580 1905 647 1957 18
697 1920 766 1957 88.
820 1903 942 1965 728,
998 1904 1061 1956 15
1114 1918 1183 1957 88.
1238 1918 1305 1953 118
1358 1900 1478 1969 quis

396 1977 748 2049 miseratione
793 1993 1078 2061 pignorum
1129 2005 1343 2043 suorum
1393 2006 1477 2043 re-

393 2082 658 2144 tardetur,
724 2080 1007 2149 quominus
1079 2081 1309 2132 mortem
1382 2095 1476 2147 pro

394 2171 614 2224 iustitia
651 2168 864 2237 fideque
895 2168 1156 2236 suscipiat
1182 2168 1209 2221 Ι
1240 2168 1360 2230 528,
1391 2167 1474 2220 22.

394 2262 439 2314 81
480 2260 575 2329 qui
616 2258 816 2311 doloris
856 2257 948 2310 1181
982 2257 1174 2309 mortis
1213 2259 1361 2309 metu
1389 2255 1478 2309 uel

395 2350 593 2417 suapte
631 2345 829 2399 fiducia
868 2344 936 2398 ad
974 2345 1189 2398 funesta
1217 2344 1478 2398 sacrificia

394 2435 785 2498 consenserint,
809 2451 900 2487 eos
919 2434 1216 2487 honoribus
1236 2435 1478 2493 mactant

393 2527 417 2579 Ι
457 2528 584 2589 426,
624 2528 672 2579 5.
714 2525 759 2577 81
799 2525 892 2592 qui
937 2527 1242 2576 nostrorum
1288 2523 1475 2576 adfue-

393 2619 538 2678 runt,
563 2614 808 2683 quamuis
827 2613 1088 2681 temporis
1118 2612 1298 2680 gratia
1328 2614 1475 2665 coni-

394 2706 694 2758 uerent...
751 2700 778 2753 1
832 2700 954 2763 405,
1013 2700 1095 2752 10.
1156 2717 1271 2752 cum
1328 2703 1478 2752 metu

393 2794 791 2847 tormentorum
827 2787 996 2856 aliqui
1028 2791 1124 2840 aut
1150 2788 1476 2841 cruciatibus

391 2882 530 2935 uicti
580 2880 649 2933 ad
698 2879 991 2933 execranda
1039 2879 1301 2933 sacrificia
1354 2896 1474 2932 con-

392 2970 685 3032 senserint,
705 2968 920 3022 reddita
947 2967 1204 3022 libertate
1234 2968 1479 3022 referunt

320 3117 323 3118 .
392 3077 451 3113 88
494 3059 566 3112 ad
606 3058 764 3111 deum
801 3058 828 3110 I
866 3058 989 3120 440,
1030 3059 1061 3111 9
1092 3074 1161 3110 88.
1194 3057 1314 3120 728,
1343 3061 1374 3112 5
1406 3074 1474 3111 88.

396 3148 651 3202 Christus
698 3147 938 3215 exemplo
987 3163 1082 3198 8110
1133 3146 1373 3200 ostendit
1422 3147 1477 3198 in

391 3237 543 3290 omni
580 3236 953 3305 persecutione
992 3234 1172 3288 secedi
1211 3239 1474 3304 oportere,

392 3342 463 3378 ne
490 3341 590 3377 sua
615 3325 735 3392 quis
765 3324 925 3392 culpa
951 3323 1207 3377 incidisse
1228 3323 1479 3378 uideatur

394 3415 419 3467 Ι
497 3415 629 3478 349,
705 3415 753 3467 6.
838 3413 1303 3481 persecutionibus
1390 3413 1475 3466 dei

393 3502 632 3571 populus
678 3505 908 3571 augetur
958 3502 985 3555 Ι
1034 3503 1157 3567 476,
1216 3503 1474 3565 10-477,

398 3592 482 3645 14.
540 3591 645 3643 duo
699 3591 986 3660 scriptores
1039 3592 1335 3646 extiterunt
1386 3592 1477 3658 qui

391 3680 601 3733 iacenti
648 3679 872 3732 ueritati
920 3680 1250 3733 insultarent
1286 3679 1313 3731 I
1350 3680 1475 3743 403,

397 3768 667 3831 16-411,
724 3768 803 3821 12.
859 3768 1180 3821 Lactantius
1234 3772 1477 3837 tempore

394 3857 790 3927 persecutionis
841 3857 868 3909 I
922 3857 1044 3919 403,
1105 3859 1188 3910 14.
1244 3857 1369 3919 411,
1429 3859 1474 3910 7.

393 3947 519 4010 435,
574 3946 656 4001 18.
704 3945 760 3999 11
806 3948 856 4009 4,
908 3948 954 4002 1.
995 3949 1044 4001 9.
1084 3949 1134 4001 5.
1174 3948 1223 3999 6.
1263 3946 1348 4008 63,
1393 3947 1474 3999 10.

399 4037 481 4091 12.
540 4034 926 4096 Demetrianus
989 4039 1232 4104 tempore
1296 4051 1477 4103 perse-

395 4124 632 4177 cutionis
661 4124 717 4176 II
744 4125 795 4188 4,
817 4125 901 4177 20.
934 4126 983 4190 5,
1008 4125 1090 4177 13.
1123 4123 1186 4176 cf.
1211 4124 1474 4177 Donatus.

395 4218 790 4282 persecutores.

326 4305 731 4370 persecutores:
765 4317 901 4369 quae
934 4318 1123 4355 causae
1156 4302 1265 4353 sint
1287 4300 1476 4353 furoris

396 4393 800 4459 persecutorum
838 4389 865 4441 I
901 4390 1023 4452 424,
1062 4392 1096 4443 4
1136 4408 1204 4446 88.
1239 4392 1359 4452 465,
1394 4392 1473 4444 10.

2546 464 2674 528 337

1601 661 1723 725 470,
1771 663 1820 715 5.
1868 660 1954 715 25.
2005 661 2124 724 725,
2172 660 2258 712 24.
2307 661 2428 722 726,
2468 662 2517 713 9.
2559 660 2678 722 727,

1601 751 1687 804 24.
1742 750 1862 812 729,
1914 750 1965 802 4.
2015 748 2109 818 qui
2160 749 2334 801 iustos
2382 765 2444 802 ac
2491 748 2677 802 fideles

1602 839 1702 892 deo
1741 840 2094 908 persecuntur
2132 837 2369 906 dantque
2408 836 2678 890 iudicibus

1601 928 1860 981 aduersus
1934 927 2182 980 innoxios
2256 928 2584 996 potestatem
2651 924 2678 977 1

1599 1018 1723 1080 416,
1782 1018 1829 1071 7.
1880 1016 2156 1069 Domitius
2209 1014 2273 1068 de
2327 1014 2502 1068 officio
2557 1032 2677 1082 pro-

1603 1104 1836 1158 consulis
1884 1104 2022 1157 libro
2071 1103 2177 1157 VII
2223 1104 2482 1172 rescripta
2531 1103 2677 1171 prin-

1605 1193 1781 1262 cipum
1832 1193 2072 1262 collegit,
2119 1195 2183 1246 ut
2229 1192 2447 1246 doceret
2485 1192 2677 1260 quibus

1604 1285 1797 1353 poenis
1821 1285 2054 1338 cultores
2076 1283 2164 1337 dei
2185 1281 2473 1337 adficiendi
2502 1283 2684 1333 essent

1601 1374 1628 1426 I
1691 1375 1812 1437 436,
1879 1375 1962 1427 11.
2030 1376 2399 1442 persecutores
2471 1370 2679 1423 bestiae

1600 1462 1948 1515 nominantur
1984 1462 2011 1514 I
2055 1462 2177 1525 433,
2227 1462 2309 1515 12.
2359 1460 2480 1521 434,
2528 1460 2577 1512 2.
2627 1459 2677 1510 4.

1601 1551 1722 1613 477,
1771 1551 1856 1605 23.
1904 1552 2026 1612 542,
2079 1551 2161 1604 16.
2212 1550 2269 1604 II
2317 1549 2374 1602 M
2424 1550 2542 1608 175,
2596 1548 2676 1599 10.

1607 1639 1726 1701 182,
1782 1639 1864 1692 18.
1916 1639 2035 1701 189,
2086 1640 2168 1693 10.
2215 1638 2359 1692 111818
2405 1636 2581 1690 bestia
2627 1635 2680 1687 II

1603 1728 1659 1780 M
1707 1728 1828 1790 201,
1881 1728 1961 1782 11.
2009 1727 2202 1781 beluae
2247 1727 2276 1780 1
2321 1727 2444 1788 433,
2495 1725 2559 1777 18
2608 1740 2678 1775 88.

1602 1817 1728 1879 434,
1792 1816 1842 1870 8.
1902 1816 2199 1870 execrabile
2257 1814 2455 1868 animal
2511 1812 2567 1866 ΙΙ
2620 1812 2678 1864 M

1608 1906 1726 1967 178,
1770 1906 1814 1960 1.
1856 1905 2054 1958 animal
2085 1904 2366 1969 nefarium,
2395 1902 2526 1956 ibid.
2558 1901 2681 1962 219,

1605 1995 1655 2048 8.
1704 1993 2151 2063 quemadmodum
2198 1992 2388 2046 deceat
2431 2006 2680 2061 persecu-

1603 2086 1750 2136 tores
1771 2083 2043 2151 suscipere
2065 2082 2430 2136 defensionem
2461 2078 2681 2131 deorum

1605 2188 1823 2225 suorum
1861 2171 1889 2223 I
1926 2172 2049 2235 463,
2090 2171 2318 2232 3-466,
2363 2170 2443 2225 13.
2476 2168 2597 2230 727,
2628 2168 2677 2219 6.

1603 2264 1975 2330 persecutores
2027 2260 2175 2323 ,nihil
2236 2258 2435 2312 habere
2499 2273 2679 2310 secum

1603 2350 1845 2408 rationis,
1903 2366 2022 2403 eum
2086 2349 2285 2402 inuitos
2348 2350 2549 2415 cogant
2613 2344 2681 2407 ad

1605 2438 1924 2491 sacrificium
1962 2438 1991 2491 1
2027 2438 2150 2500 469,
2192 2438 2224 2490 2
2255 2453 2324 2490 88.
2358 2437 2478 2500 726,
2509 2436 2582 2488 28
2609 2448 2677 2487 88.

1603 2529 1895 2597 punientur
1922 2526 2123 2586 iudicio
2155 2526 2242 2578 dei
2273 2525 2295 2577 1
2326 2526 2449 2584 469,
2483 2525 2563 2588 17.
2590 2525 2678 2579 20.

1601 2617 1727 2680 477,
1775 2615 2038 2678 15-478,
2086 2617 2133 2677 5,
2184 2615 2302 2674 726,
2343 2615 2390 2666 3.
2433 2613 2554 2676 733,
2597 2613 2679 2665 18.

1602 2706 1684 2757 Ι)8
1775 2702 2038 2766 mortibus
2129 2705 2530 2772 persecutorum
2612 2699 2682 2753 ad

1603 2795 1876 2847 Donatum
1943 2793 2298 2845 confessorem
2362 2791 2501 2845 liber
2576 2808 2680 2859 quo

1605 2882 1828 2936 consilio
1893 2881 2126 2949 scriptus
2192 2881 2264 2933 sit
2327 2880 2382 2933 Π
2446 2880 2503 2931 Μ
2562 2881 2680 2946 173,

1605 2974 1630 3025 1
1675 2989 1743 3025 88.
1784 2971 1905 3032 236,
1951 2971 2016 3022 12
2054 2988 2124 3026 88.
2165 2970 2519 3038 grauissimae
2559 2986 2681 3039 per-

1603 3060 1942 3128 sequentium
1995 3076 2200 3128 poenae
2247 3058 2276 3112 1
2323 3058 2445 3122 385,
2497 3060 2578 3111 12.
2628 3058 2682 3110 ΙΙ

1603 3150 1657 3202 Μ
1710 3150 1829 3208 172,
1880 3148 1972 3201 14.
2011 3149 2132 3209 235,
2185 3147 2230 3200 1.
2280 3148 2401 3209 236,
2454 3148 2505 3199 4.
2559 3147 2680 3210 237,

1605 3239 1637 3290 2
1712 3254 1780 3290 88.
1864 3239 2267 3305 persecutorum
2349 3235 2683 3288 miserabiles

1606 3327 1777 3379 exitus
1824 3326 2020 3394 partim
2069 3325 2435 3393 cognouimus,
2483 3326 2682 3393 partim

1603 3414 1838 3467 uidimus
1879 3415 2016 3480 (cod.
2059 3413 2324 3478 uidemus)
2367 3412 2393 3464 I
2432 3415 2552 3476 726,
2594 3414 2678 3467 24.

1607 3504 1996 3572 [persecutores
2071 3502 2345 3571 profligati
2410 3501 2592 3555 iacent
2656 3500 2682 3552 I

1604 3592 1726 3656 668,
1767 3595 1798 3646 5
1847 3591 1969 3644 adn.
2021 3607 2090 3647 cr.
2138 3597 2166 3654 ἓ
2206 3592 2312 3659 13.]
2355 3590 2411 3642 II
2455 3591 2507 3643 M
2564 3591 2680 3653 172,

1600 3682 1795 3735 4—15.
1864 3679 1956 3748 (9.)
2020 3680 2342 3745 (Hierocles)
2411 3679 2504 3748 qui
2566 3682 2683 3731 erat

1603 3773 1718 3828 tum
1784 3785 1811 3822 e
1870 3782 2096 3822 numero
2164 3768 2399 3821 iudicum
2465 3772 2522 3821 et
2587 3769 2682 3835 qui

1605 3861 1792 3911 auctor
1871 3857 2119 3926 inprimis
2200 3856 2478 3920 faciendae
2563 3874 2681 3925 per-

1604 3948 1896 4000 secutionis
1950 3947 2056 3999 fuit
2093 3947 2145 3999 Ἰ
2205 3947 2327 4008 406,
2394 3947 2439 3999 1.
2506 3945 2562 3997 II
2627 3946 2682 4000 M

1604 4038 1724 4099 189,
1794 4036 1875 4091 18.
1944 4035 2012 4090 cf.
2068 4035 2404 4088 Aurelianus.
2462 4035 2683 4089 Decius,

1602 4125 1992 4182 Diocletianus.
2034 4124 2395 4179 Domitianus
2433 4123 2681 4176 Maximi-

1605 4230 1738 4266 anus
1779 4211 2089 4279 (Galerius).
2127 4212 2484 4265 Maximianus
2525 4213 2683 4277 (Her-

1606 4302 1818 4366 culius).
1883 4302 2221 4358 Maximinus
2259 4299 2260 4302 ’
2293 4300 2455 4355 Ner0.
2521 4300 2681 4354 Vale-

1605 4391 1805 4446 11811118.
