3132 5043
1213 440 1423 494 liber
1478 459 1520 494 c.
1559 442 1792 496 45-47,
2520 441 2650 505 227

352 639 716 720 eupationis
755 637 890 701 eius
928 636 1296 719 implebant,
1326 639 1402 699 ut
1439 654 1554 699 suo
1594 633 2001 717 potissimum
2038 632 2235 697 natali
2274 632 2650 706 uinceretur,
2751 680 2760 685 .
2813 598 2930 693 [221-
2955 603 2977 675 3
3005 642 3026 677 1

354 745 527 808 sicut
571 744 682 831 ille
729 726 940 808 uictus
990 747 1091 807 est
1133 744 1392 807 Romae.
1484 741 1868 806 Maximinus
1915 739 2126 804 uoluit
2169 739 2409 821 praeire
2447 743 2653 803 matu·
2710 745 2744 796 9
2863 725 2898 775 Ἠ
2957 728 2974 755 ”¹

350 851 515 915 n‘us:
563 851 765 934 pridie
810 869 994 914 mane
1033 849 1233 913 aciem
1272 849 1655 931 composuit,
1694 852 1769 913 ut
1807 848 2076 912 natalem
2121 866 2309 911 suum
2346 845 2652 929 postridie

352 958 567 1022 uictor
632 958 994 1021 celebraret.
1070 955 1397 1019 nuntiatur
1460 955 1522 1018 in
1593 957 1798 1018 castra
1870 953 2152 1018 mouisse
2215 952 2651 1016 Maximinum.

286 1087 312 1124 5
353 1064 621 1146 capiunt
664 1064 903 1128 milites
953 1082 1123 1126 arma
1172 1061 1554 1143 obuiamque
1603 1060 1970 1144 procedunt.
2040 1078 2299 1141 campus
2353 1058 2655 1123 intererat

353 1151 597 1234 sterilis
658 1188 730 1233 ac
786 1169 1014 1245 nudus,
1067 1188 1254 1250 quem
1312 1171 1546 1234 uocant
1603 1167 1925 1234 Serenum.
2021 1170 2154 1231 erat
2208 1166 2335 1229 iam
2382 1168 2651 1247 utraque
2677 1171 2745 1224 1o

350 1276 524 1341 acies
571 1276 635 1339 in
671 1278 1048 1367 ‘conspecta
1096 1274 1408 1339 Liciniani
1446 1276 1633 1339 scuta
1670 1274 2011 1357 deponunt,
2052 1273 2264 1356 galeas
2303 1273 2651 1350 resoluunt,

351 1384 435 1447 ad
507 1383 754 1447 caelum
818 1401 1045 1446 manus
1110 1381 1382 1446 tendunt
1443 1380 1895 1463 praeeuntibus
1960 1380 2338 1464 praepositis
2404 1382 2466 1444 et
2537 1396 2652 1459 pro

349 1491 735 1572 imperatore
799 1508 1051 1571 precem
1117 1489 1355 1552 dicunt.
1425 1487 1603 1552 audit
1677 1487 1844 1551 acies
1917 1486 2196 1569 peritura
2258 1485 2654 1567 precantium

251 1622 304 1658 ιο
349 1615 665 1660 murmur.
758 1595 855 1658 illi
912 1595 1191 1659 oratione
1249 1597 1346 1659 ter
1403 1594 1574 1659 dicta
1629 1593 1869 1657 uirtute
1923 1593 2048 1658 iam
2113 1593 2281 1674 pleni
2344 1594 2655 1679 repo-nunt
2677 1598 2738 1650 11

351 1703 677 1785 capitibus
728 1703 961 1785 galeas,
1014 1704 1197 1766 scuta
1243 1702 1499 1767 tollunt.
1546 1700 1899 1782 procedunt
1944 1700 2353 1781 imperatores
2394 1699 2472 1763 ad
2510 1717 2653 1762 con-

345 1808 669 1891 loquium.
760 1808 910 1872 ferri
955 1827 1079 1872 non
1124 1808 1339 1890 potuit
1373 1808 1757 1872 Maximinus
1797 1807 1876 1871 ad
1914 1825 2161 1889 pacem:
2214 1804 2655 1870 contemnebat
2678 1810 2744 1863 12

351 1917 529 1980 enim
585 1915 898 1979 Licinium
955 1934 1027 1979 ac
1076 1914 1398 1979 desertum
1443 1914 1520 1977 im'
1571 1934 1606 1977 a
1651 1913 1966 1977 militibus
2017 1912 2434 1987 existimabat,
2485 1910 2656 1992 quod
2724 1990 2736 2005 .

347 2023 465 2087 ille
517 2024 688 2085 esset
732 2021 795 2084 in
844 2021 1169 2105 largiendo
1217 2023 1420 2102 tenax,
1468 2021 1607 2103 ipse
1657 2023 1870 2084 autem
1916 2019 2237 2102 profusuS,
2278 2037 2478 2100 eoque
2516 2036 2655 2100 pro-

243 2155 302 2194 15
347 2128 569 2213 posito
618 2130 907 2191 mouerat
951 2128 1210 2204 bellum,
1260 2131 1334 2192 ut
1380 2127 1657 2192 exercitu
1704 2126 1929 2190 Licinii
1978 2126 2111 2190 sine
2160 2125 2498 2189 certamine
2557 2143 2656 2188 ac-

347 2238 542 2318 cepto
594 2234 671 2297 ad
721 2231 1209 2298 Constantinum
1259 2231 1601 2315 duplicatis
1648 2231 1895 2296 uiribus
1944 2231 2162 2294 statim
2208 2234 2517 2313 pergeret.

447 2342 556 2406 47.
649 2341 816 2423 Ergo
863 2340 1126 2422 propius
1166 2340 1503 2417 acceditur,
1541 2339 1734 2403 tubae
1776 2341 2025 2414 canunt,
2068 2339 2250 2421 signa
2285 2337 2653 2419 procedunt.
2714 2344 2738 2396 1

344 2447 664 2512 Liciniani
709 2447 951 2529 impetu
999 2446 1164 2510 sacto
1206 2446 1599 2511 aduersarios
1639 2445 1968 2510 inuadunt.
2016 2445 2113 2508 illi
2150 2464 2298 2509 uero
2337 2444 2654 2528 perterriti

345 2574 469 2619 nec
538 2555 784 2638 gladios
852 2554 1139 2636 expedire
1197 2573 1309 2617 nec
1366 2554 1497 2617 tela
1550 2554 1755 2618 iacere
1822 2553 2178 2633 quiuerunt.
2268 2551 2653 2640 Maximinus
2711 2558 2747 2611 2

247 2689 305 2727 20
346 2662 561 2726 aciem
603 2660 932 2725 circumire
971 2679 1043 2723 ac
1081 2661 1319 2724 milites
1356 2659 1716 2724 Licinianos
1754 2677 1919 2723 nunc
1956 2658 2250 2741 precibus
2291 2657 2670 2734 sollicitare,

346 2787 525 2833 nunc
569 2766 777 2832 donis.
826 2769 1002 2831 nullo
1049 2768 1190 2830 loco
1240 2766 1514 2830 auditur.
1564 2764 1637 2829 fit
1682 2765 1960 2846 impetus
1998 2764 2062 2827 in
2101 2783 2245 2827 eum
2286 2767 2349 2827 et
2387 2763 2463 2827 ad
2503 2782 2654 2828 suos

344 2875 618 2957 refugit.
669 2873 1044 2937 caedebatur
1090 2873 1256 2937 acies
1307 2873 1442 2936 eius
1491 2872 1725 2953 inpune
1770 2875 1834 2935 et
1868 2874 2084 2935 tantus
2122 2889 2422 2934 numerus
2460 2870 2656 2952 legio-

345 3000 532 3056 num,
582 2969 759 3043 tanta
813 2979 916 3043 uis
973 2979 1255 3043 militum
1303 2998 1338 3041 a
1383 2979 1604 3061 paucis
1661 2978 2037 3041 metebatur.
2130 2995 2311 3040 nemo
2361 2977 2653 3054 nominis,
2713 2986 2748 3039 3

344 3105 541 3151 nemo
600 3086 883 3161 uirtutis,
942 3105 1124 3149 nemo
1186 3088 1477 3150 ueterum
1534 3084 1956 3168 praemiorum
2002 3102 2271 3147 memor:
2331 3082 2513 3165 quasi
2579 3083 2658 3147 ad

254 3226 311 3263 25
348 3193 661 3258 deuotam
725 3197 1015 3267 mortem,
1063 3212 1186 3257 non
1253 3193 1331 3256 ad
1394 3192 1706 3275 proelium
1771 3191 2118 3266 uenissent,
2169 3190 2260 3254 sic
2328 3208 2436 3254 eos
2500 3191 2657 3254 deus

349 3317 656 3364 summus
704 3298 1085 3382 iugulandos
1135 3298 1410 3363 subiecit
1454 3297 1752 3362 inimicis,
1820 3298 1948 3361 iam
2004 3299 2204 3361 strata
2258 3301 2391 3361 erat
2434 3297 2657 3379 ingens

344 3405 728 3470 multitudo,
820 3405 998 3469 uidet
1050 3405 1433 3468 Maximinus
1491 3405 1676 3468 aliter
1729 3423 1860 3468 rem
1923 3405 2053 3488 geri
2116 3424 2303 3486 quam
2369 3404 2654 3485 putabat.
2712 3413 2750 3464 4

345 3512 628 3594 proiecit
690 3531 1033 3594 purpuram
1103 3515 1166 3575 et
1231 3515 1486 3596 sumpta
1550 3514 1731 3575 ueste
1798 3511 2015 3575 seruili
2070 3512 2237 3594 fugit
2294 3530 2364 3574 ac
2424 3511 2656 3573 fretum

438 3739 462 3791 1
505 3739 817 3808 implebunt
849 3739 906 3804 C,
946 3754 1086 3792 corr.
1116 3738 1235 3792 Bal
1343 3740 1374 3792 3
1416 3738 1663 3806 coposuit
1693 3738 1739 3790 O
1879 3735 2192 3806 posttridie
2229 3736 2275 3789 C
2397 3737 2431 3788 4
2467 3735 2524 3786 in
2555 3734 2659 3790 del.

351 3826 582 3897 Schoell
693 3829 724 3881 6
765 3827 977 3881 sterelis
1021 3827 1067 3880 C
1171 3831 1401 3896 utroque
1447 3828 1505 3892 C,
1546 3842 1681 3880 corr.
1721 3826 1839 3878 Bal
1947 3826 1980 3879 8
2018 3842 2114 3894 pro
2152 3826 2475 3893 imperatore
2503 3823 2660 3876 Heu-

353 3931 553 3981 mann,
581 3932 678 3985 pro
709 3915 1086 3984 imperatorem
1112 3915 1181 3980 0;
1209 3919 1333 3984 post
1360 3915 1740 3984 imperatorem
1772 3914 1889 3967 Bal
2001 3914 2065 3966 12
2104 3913 2234 3967 ferri
2262 3913 2395 3975 Bal,
2426 3912 2564 3965 ferre
2591 3914 2665 3979 (15

349 4003 590 4072 perpelli
608 4004 934 4068 Heumann,
952 4003 1097 4055 flecti
1115 4003 1495 4075 Buenemann,
1514 4002 1721 4055 moueri
1739 4003 1968 4055 Brandt
2070 4002 2134 4055 13
2168 3999 2512 4054 existimabat
2525 4001 2663 4067 Bal,

352 4091 662 4144 extimabat
706 4091 777 4157 C,-
813 4090 1138 4144 aestimabat
1176 4107 1485 4159 anonymus
1512 4108 1574 4159 p.
1620 4094 1696 4143 64
1831 4092 1895 4144 15
1936 4090 2226 4143 exercitum
2271 4089 2329 4155 0,
2369 4105 2504 4144 corr.
2543 4091 2664 4143 Bal

348 4178 513 4231 licini
568 4179 614 4233 O
829 4179 1123 4232 certamina
1175 4179 1233 4245 (⁷,
1282 4195 1419 4232 corr.
1468 4179 1586 4232 Bal
1768 4179 1833 4232 19
1891 4179 2215 4249 quieuerunt
2265 4180 2322 4244 C,
2371 4194 2505 4233 corr.
2544 4179 2668 4230 Bal

354 4265 432 4319 22
488 4266 785 4320 cedebatur
828 4266 876 4319 C
1083 4267 1302 4336 impune
1356 4267 1401 4321 Ο
1580 4268 1647 4321 23
1704 4267 2011 4320 metebatur
2047 4267 2180 4331 Bal,
2234 4268 2579 4320 metuebatur
2621 4267 2669 4319 G

354 4355 432 4406 27
470 4355 769 4408 maximnus
815 4354 863 4406 C
1001 4358 1222 4423 putarat
1258 4354 1565 4408 Heumann
