3132 5043
1172 433 1385 487 liber
1434 450 1475 487 c.
1516 435 1744 490 35—37.
2473 439 2609 501 215

299 629 477 693 natis
534 628 962 713 legationibus
1021 628 1358 693 ciuitatum
1413 649 1573 711 quae
1621 633 1929 710 peterent,
1980 650 2056 695 ne
2105 631 2270 694 intra
2318 631 2613 696 ciuitates

299 754 458 800 suas
502 735 879 802 Christianis
921 735 1366 800 conuenticula
1404 738 1689 800 extruere
1726 736 1967 814 liceret,
2007 740 2082 801 111
2121 757 2312 802 suasu
2354 742 2613 803 coactus

299 846 369 906 et
416 843 740 924 impulsus
788 843 991 906 facere
1041 842 1368 907 uideretur
1416 843 1586 924 quod
1635 846 1767 907 erat
1816 847 2038 927 sponte
2076 845 2381 910 facturus,
2478 846 2614 927 qui-

295 950 428 1014 bus
481 970 760 1014 annuens
807 969 973 1013 nouo
1022 969 1194 1014 more
1236 949 1598 1014 sacerdotes
1637 950 1945 1015 maximos
1984 970 2098 1033 per
2136 953 2420 1035 singulas
2461 952 2614 1016 ciui-

233 1080 259 1119 5
296 1061 476 1122 tates
526 1058 814 1141 singulos
865 1076 937 1120 ex
981 1057 1365 1141 primoribus
1414 1057 1587 1136 fecit,
1637 1058 1747 1138 qui
1784 1061 1848 1121 et
1886 1057 2194 1122 sacrificia
2238 1078 2352 1140 per
2398 1078 2614 1122 omnes

301 1164 464 1228 deos
527 1182 677 1227 suos
735 1163 971 1228 cotidie
1027 1163 1306 1227 facerent
1353 1166 1419 1227 et
1463 1167 1756 1228 ueterum
1814 1165 2217 1228 sacerdotum
2262 1164 2613 1229 ministerio

302 1271 566 1334 subnixi
615 1270 833 1334 darent
881 1289 1154 1354 operam,
1201 1273 1375 1343 <ut>
1421 1269 1768 1336 Christiani
1816 1291 2021 1353 neque
2070 1271 2614 1344 <conuenticula>

299 1378 690 1442 fabricarent
744 1397 947 1460 neque
1003 1378 1259 1460 publice
1318 1381 1430 1441 aut
1483 1378 1787 1461 priuatim
1844 1378 2102 1456 coirent,
2162 1380 2274 1443 sed
2338 1397 2617 1460 compre-

299 1472 543 1549 hensos
594 1504 708 1549 suo
756 1485 891 1548 iure
940 1485 1019 1548 ad
1067 1484 1378 1549 sacrificia
1426 1487 1725 1568 cogerent
1770 1485 1875 1549 uel
1920 1485 2243 1549 iudicibus
2302 1485 2613 1549 offerrent.

213 1617 263 1655 ιο
299 1611 661 1674 parumque
706 1592 829 1656 hoc
877 1592 1021 1668 fuit,
1069 1591 1193 1655 nisi
1242 1591 1433 1655 etiam
1479 1591 1829 1674 prouinciis
1880 1611 1950 1655 ex
2007 1591 2229 1656 altiore
2285 1591 2614 1675 dignitatis

2707 1596 2740 1646 5

303 1698 512 1782 gradu
563 1697 855 1781 singulos
906 1698 1087 1779 quasi
1133 1698 1468 1781 pontifices
1519 1700 1993 1780 superponeret,
2021 1695 2118 1783 [et
2166 1717 2273 1761 eos
2313 1701 2614 1779 utrosque
2636 1717 2743 1752 nub

303 1804 598 1869 candidis
666 1804 1045 1869 clamidibus
1115 1808 1366 1870 ornatos
1440 1804 1636 1868 iussit
1708 1805 2020 1869 incedere.
2132 1805 2337 1869 facere
2404 1808 2616 1869 autem

301 1911 577 1993 parabat
632 1931 790 1993 quae
846 1912 974 1975 iam
1033 1912 1273 1975 dudum
1328 1912 1390 1975 in
1451 1910 1729 1975 Orientis
1795 1912 2083 1994 partibus
2147 1911 2403 1975 fecerat.
2471 1931 2615 1975 nam

305 2038 458 2082 cum
520 2019 923 2082 clementiam
982 2019 1191 2101 specie
1251 2021 1436 2081 tenus
1498 2018 1919 2100 profiteretur,
1980 2017 2182 2081 occidi
2239 2036 2458 2082 seruos
2517 2017 2614 2082 dei

219 2158 269 2197 15
303 2126 543 2203 uetuit,
614 2126 932 2190 debilitari
997 2126 1206 2191 iussit.
1325 2126 1541 2207 itaque
1620 2126 2092 2190 confessoribus
2160 2125 2620 2189 effodiebantur

312 2233 508 2312 oculi,
572 2234 1060 2315 amputabantur
1114 2252 1362 2310 manus,
1420 2232 1615 2315 pedes
1674 2232 2223 2309 detruncabantur,
2275 2251 2455 2295 nares
2511 2230 2620 2294 uel

313 2340 641 2404 auriculae
691 2340 1166 2404 desecabantur.

405 2447 514 2510 37.
610 2447 784 2510 Haec
831 2446 941 2510 ille
988 2446 1258 2511 moliens
1300 2445 1700 2511 Constantini
1737 2445 1970 2510 litteris
2011 2445 2377 2510 deterretur.
2428 2445 2615 2508 dissi-

311 2554 595 2618 mulauit
660 2574 829 2638 ergo.
901 2558 967 2619 et
1020 2559 1232 2620 tamen
1289 2555 1345 2620 si
1403 2556 1544 2636 quis
1605 2555 1711 2627 <in
1770 2574 1994 2619 manus
2046 2555 2230 2625 eius>
2285 2554 2612 2630 inciderat,

227 2701 277 2740 20
311 2661 475 2724 mari
537 2664 789 2726 occulte
845 2663 1313 2747 mergebantur.
1380 2662 1904 2727 consuetudinem
1964 2681 2216 2743 quoque
2265 2680 2444 2725 suam
2493 2679 2614 2723 non

310 2768 663 2832 intermisit
717 2772 791 2832 ut
845 2769 909 2832 in
965 2770 1203 2851 palatio
1260 2789 1371 2851 per
1426 2770 1714 2852 singulos
1774 2769 1909 2833 dies
1977 2768 2457 2832 sacrificaretur.
2553 2768 2618 2830 et

311 2875 434 2939 hoc
489 2876 739 2957 primus
793 2876 1141 2956 inuenerat,
1190 2880 1263 2940 ut
1319 2876 1615 2941 animalia
1673 2876 1880 2941 omnia
1936 2875 2168 2957 quibus
2216 2874 2613 2950 uescebatur,

314 3211 464 3264 curis
502 3226 593 3277 ap.
632 3207 976 3260 Bauldrium
1016 3205 1252 3260 aliorum
1291 3205 1637 3259 coniecturas
1672 3204 1838 3258 titulo
1879 3209 1929 3258 et
1963 3203 2141 3257 tutela
2180 3204 2364 3271 affert)
2376 3223 2396 3269 ;
2438 3203 2616 3256 tutela

314 3299 398 3353 ed.
446 3297 622 3352 Oxon.
660 3300 819 3350 1680

387 3389 419 3442 2
457 3386 622 3441 110010
657 3387 716 3451 G,
756 3401 892 3439 corr.
931 3385 1049 3437 Bal
1193 3385 1376 3452 suasu]
1411 3383 1564 3452 quasi
1594 3383 1713 3436 Bal
1819 3382 1850 3434 3
1888 3381 2098 3451 ipulsus
2134 3379 2181 3433 Ο
2283 3380 2318 3432 4
2353 3379 2614 3432 maximus

320 3476 382 3543 0,
419 3492 559 3530 corr.
597 3475 716 3527 Bal
826 3477 854 3528 7
897 3473 1118 3527 subnexi
1154 3473 1213 3539 0,
1242 3488 1379 3527 corr.
1411 3473 1529 3525 Bal
1675 3488 1838 3540 opera
1872 3470 1930 3537 0,
1961 3486 2096 3524 corr.
2127 3469 2246 3522 Bal
2389 3471 2452 3521 ut
2482 3466 2613 3522 add.

313 3566 433 3619 Bal
595 3564 794 3632 neque]
836 3580 904 3617 ne
943 3562 1073 3632 quid
1112 3562 1282 3627 Gale,·
1323 3560 1702 3614 conuenticula
1740 3560 1859 3626 (uel
1894 3558 2117 3627 templa,
2156 3558 2256 3611 hoc
2292 3557 2407 3610 iam
2443 3559 2613 3610 Mau-

315 3654 471 3709 eroix
506 3659 558 3707 et
595 3652 870 3719 Bauldri)
913 3651 1041 3705 add.
1081 3652 1387 3704 Heumann
1509 3650 1542 3703 8
1584 3649 1791 3703 coirent
1833 3647 1976 3716 Gale
2013 3653 2063 3700 et
2101 3645 2222 3712 alii,
2262 3645 2501 3699 colerent
2545 3645 2616 3713 C;

315 3745 385 3812 cf.
418 3744 496 3797 ad
521 3760 577 3796 u.
615 3745 651 3795 9
831 3741 949 3810 sed]
988 3744 1043 3794 et
1080 3740 1386 3793 Heumann
1532 3738 1893 3808 &praehensus
1930 3736 1987 3800 0,
2024 3753 2162 3790 corr.
2193 3735 2310 3788 Bal
2419 3736 2451 3787 9
2491 3752 2614 3790 suo·

318 3835 368 3898 (s
406 3833 508 3896 er.)
554 3831 601 3884 0
793 3833 1050 3898 cogerent
1085 3829 1218 3892 Bal,
1261 3829 1461 3882 coieret
1500 3828 1631 3895 (sic)
1678 3828 1748 3893 0;
1785 3827 2026 3879 litteram
2063 3825 2082 3877 1
2122 3824 2199 3878 ad
2235 3823 2615 3892 cordyendum

317 3920 559 3973 colerent
592 3936 647 3972 u.
691 3923 729 3972 8
766 3919 1102 3972 destinatam
1155 3918 1219 3970 in
1272 3917 1420 3969 hanc
1457 3931 1644 3970 uocem
1679 3916 1924 3969 inlatam
1971 3929 2080 3968 esse
2125 3914 2265 3967 coni.
2307 3928 2617 3980 anonymus

306 4025 366 4077 p.
412 4012 489 4063 57
639 4009 704 4061 12
746 4006 1120 4076 chlamydibus
1158 4007 1276 4059 Bal
1424 4006 1488 4058 13
1527 4006 1637 4058 iam
1676 4003 1877 4057 dudum
1917 4019 2018 4057 om.
2059 4002 2177 4056 Bal
2315 4000 2377 4053 18
2413 4000 2614 4053 litteris

315 4100 446 4161 Bal,
486 4099 704 4152 litteras
748 4096 795 4150 C'
937 4097 1001 4150 19
1044 4097 1100 4149 in
1138 4113 1326 4149 manus
1367 4095 1481 4147 eius
1504 4093 1865 4146 ·Bauldrium
1904 4097 1954 4145 et
1989 4090 2411 4144 Maucroixium
2445 4089 2618 4142 secuti

315 4188 647 4241 inseruimus
746 4187 815 4240 20
850 4185 1198 4254 mergebatur
1234 4201 1356 4238 eum
1392 4183 1511 4237 Bal
1548 4197 1733 4235 omnes
1771 4182 1911 4246 edd.,
1949 4180 2046 4234 sed
2082 4180 2152 4247 cf.
2193 4195 2234 4232 0.
2268 4182 2363 4241 23,
2405 4181 2443 4231 2
2478 4194 2614 4229 unus

320 4274 851 4345 quisque—aderant
889 4277 964 4343 (et
1001 4290 1042 4327 c.
1088 4276 1182 4337 40,
1223 4276 1261 4326 2
1298 4271 1995 4341 utraque—necabantur);
2030 4268 2207 4322 Tacit.
2235 4269 2388 4321 Ann.
2427 4265 2504 4318 II
2537 4268 2615 4317 24

317 4368 376 4417 ut
445 4364 944 4433 quis—reuenerat‚
1009 4393 1077 4402 —
1136 4360 1432 4415 narrabant
1721 4359 1786 4412 21
1848 4358 2108 4428 palatium
2179 4356 2236 4419 G,
2308 4370 2446 4410 corr.
2498 4354 2616 4406 Bal

2708 1808 2741 1860 6

2709 2130 2738 2181 7
