3132 5043
254 1639 300 1674 10

258 2172 302 2207 15

257 2703 304 2740 20

261 3234 308 3271 25

1235 461 1445 513 liber
1484 477 1525 513 c.
1564 461 1724 515 4--7.
2510 463 2634 525 179

343 656 581 720 derisui
641 659 828 720 esset.
926 657 1115 720 etiam
1173 656 1293 719 hoc
1353 656 1409 719 ei
1467 655 1738 719 accessit
1794 655 1870 717 ad
1926 675 2213 736 poenam,
2269 655 2436 735 quod
2492 674 2637 717 oum
2712 665 2746 716 5

341 763 547 826 filium
597 764 857 826 haberet
901 764 1367 844 imperatorem,
1418 763 1810 843 captiuitatis
1860 781 2010 825 suae
2057 766 2268 826 tamen
2319 781 2389 825 ac
2443 761 2637 825 serui-

339 871 502 934 tutis
555 876 865 934 extremae
912 890 1033 934 non
1081 871 1327 933 inuenit
1375 872 1648 933 ultorem
1700 889 1809 932 nec
1860 870 2111 933 omnino
2160 870 2467 950 repetitus
2522 872 2636 931 est.

339 981 567 1059 postea
621 997 771 1041 uero
830 997 1019 1059 quam
1077 977 1436 1059 pudendam
1494 978 1696 1039 uitam
1752 977 1814 1038 in
1870 977 1984 1039 illo
2045 977 2344 1040 dedecore
2409 976 2636 1051 finiuit,
2713 986 2745 1037 6

341 1085 606 1167 derepta
663 1089 762 1149 est
818 1086 874 1148 ei
933 1085 1097 1147 cutis
1158 1088 1221 1148 et
1278 1088 1463 1147 exuta
1516 1084 1872 1147 uisceribus
1929 1084 2114 1165 pellis
2169 1085 2404 1168 infecta
2448 1083 2636 1145 rubro

341 1193 573 1269 colore,
626 1195 699 1254 ut
743 1191 806 1253 in
855 1191 1094 1272 templo
1142 1190 1550 1253 barbarorum
1600 1190 1858 1253 deorum
1903 1190 1981 1253 ad
2019 1189 2385 1253 memoriam
2428 1190 2639 1253 claris-

340 1299 489 1362 simi
536 1297 846 1378 triumphi
891 1300 1229 1378 poneretur
1263 1297 1624 1378 legatisque
1663 1297 1895 1360 nostris
1938 1316 2185 1377 semper
2223 1301 2393 1359 esset
2430 1298 2637 1359 osten-

338 1406 456 1479 tui,
516 1424 593 1467 ne
629 1402 634 1490 j
669 1403 936 1467 nimium
992 1403 1261 1468 Romani
1316 1403 1562 1466 uiribus
1633 1403 1764 1467 suis
1829 1403 2111 1478 fiderent,
2168 1422 2310 1466 cum
2380 1403 2636 1465 exuuias
2658 1429 2748 1461 nab

340 1512 512 1594 capti
570 1511 872 1593 principis
932 1510 1096 1592 apud
1155 1510 1304 1574 deos
1369 1529 1519 1574 suos
1579 1514 1920 1574 cernerent.
2016 1529 2156 1573 cum
2215 1510 2415 1593 igitur
2477 1510 2638 1571 tales

337 1637 578 1699 poenas
630 1618 703 1680 de
753 1618 1079 1701 sacrilegis
1130 1617 1285 1681 deus
1337 1617 1631 1699 exegerit,
1681 1637 1884 1680 nonne
1931 1617 2219 1680 mirabile
2268 1620 2367 1680 est
2413 1635 2633 1679 ausum

339 1743 483 1788 esse
543 1744 925 1805 quemquam
982 1728 1206 1806 postea
1260 1743 1380 1786 non
1440 1724 1627 1786 modo
1685 1725 1911 1800 facere,
1962 1724 2072 1786 sed
2121 1724 2312 1786 etiam
2361 1724 2640 1805 cogitare

340 1832 653 1896 aduersus
720 1832 1117 1894 maiestatem
1186 1831 1527 1912 singularis
1595 1830 1695 1893 dei
1768 1831 2046 1912 regentis
2128 1834 2191 1894 et
2264 1830 2639 1893 continentis

339 1939 682 2005 uniuersa?

433 2048 494 2109 6.
588 2046 991 2120 Aurelianae,
1034 2045 1140 2125 qui
1181 2048 1351 2107 esset
1389 2048 1613 2108 natura
1651 2064 1927 2108 uesanus
1969 2047 2030 2107 et
2068 2064 2387 2127 praecepS,
2427 2063 2639 2123 quam-

341 2153 443 2215 uis
504 2152 941 2233 captiuitatem
995 2151 1309 2214 Valeriani
1366 2151 1782 2225 meminisset,
1831 2154 2040 2214 tamen
2097 2151 2335 2213 oblitus
2386 2151 2639 2213 sceleris

342 2259 480 2321 eius
542 2262 605 2321 et
658 2277 897 2339 poenae
953 2258 1108 2320 iram
1168 2258 1269 2321 dei
1328 2258 1690 2321 crudelibus
1747 2259 1934 2321 factis
1992 2258 2340 2320 lacessiuit.
2420 2276 2639 2319 uerum

340 2365 436 2428 illi
494 2384 570 2428 ne
628 2364 931 2447 perficere
986 2365 1238 2445 quidem
1290 2384 1448 2444 quae
1499 2366 1892 2447 cogitauerat
1937 2364 2141 2437 licuit,
2193 2364 2303 2427 sed
2351 2363 2638 2445 protinus

340 2473 507 2536 inter
553 2464 736 2536 initia
784 2472 883 2535 sui
930 2471 1159 2536 furoris
1210 2472 1522 2536 extinctus
1583 2473 1699 2537 est.
1812 2471 2086 2534 nondum
2147 2471 2223 2533 ad
2279 2469 2637 2551 prouincias

340 2579 677 2644 ulteriores
719 2585 978 2643 cruenta
1018 2580 1152 2642 eius
1194 2580 1430 2660 scripta
1465 2582 1895 2661 peruenerant,
1940 2581 2001 2642 et
2041 2580 2167 2642 iam
2210 2577 2639 2651 CaenofruriO,

343 2687 452 2768 qui
499 2689 682 2750 locus
732 2691 832 2751 est
877 2686 1198 2761 Thraciae,
1249 2688 1547 2749 cruentus
1597 2687 1732 2767 ipse
1781 2685 1960 2747 humi
2006 2685 2251 2747 iacebat
2291 2685 2453 2747 falsa
2492 2703 2639 2764 qua-

343 2794 486 2856 dam
546 2793 908 2873 suspicione
967 2794 1042 2855 ab
1103 2792 1325 2856 amicis
1386 2793 1517 2855 suis
1577 2794 2015 2874 interemptus,
2129 2791 2365 2854 talibus
2425 2793 2487 2853 et
2541 2794 2640 2853 tot

344 2901 652 2981 exemplis
712 2901 981 2963 coerceri
1037 2901 1422 2981 posteriores
1480 2904 1777 2981 tyrannos
1837 2899 2192 2978 oportebat:
2261 2901 2324 2960 at
2389 2897 2455 2959 hi
2519 2916 2639 2959 non

344 3008 531 3069 modo
593 3006 796 3068 territi
859 3025 978 3069 non
1032 3009 1197 3082 sunt,
1249 3006 1360 3069 sed
1408 3007 1710 3069 audacius
1760 3006 1951 3068 etiam
2001 3008 2215 3068 contra
2262 3004 2449 3066 deum
2500 3022 2640 3065 con-

344 3113 773 3193 fidentiusque
819 3114 1121 3175 fecerunt.

436 3222 495 3284 7.
593 3220 1051 3284 Diocletianus.
1095 3220 1201 3300 qui
1250 3222 1563 3283 scelerum
1610 3220 1901 3282 inuentor
1949 3221 2012 3281 et
2056 3218 2366 3308 malorum
2405 3216 2638 3279 machi-

346 3329 525 3389 nator
579 3326 724 3402 fuit,
785 3345 929 3389 cum
989 3326 1378 3408 disperderet
1435 3326 1663 3398 omnia,
1723 3345 1798 3388 ne
1856 3344 1890 3387 a
1950 3325 2063 3387 deo
2115 3323 2368 3404 quidem
2414 3341 2639 3385 manus

525 3517 725 3570 LOCI
757 3517 1212 3571 AVCTORVM
1249 3517 1856 3571 EXPILATORVM
1891 3516 2233 3569 SIMILES
2500 3531 2540 3565 c.
2582 3514 2635 3581 6]

349 3606 477 3659 ibid.
519 3607 607 3667 24,
648 3607 698 3658 3.

418 3748 449 3799 2
486 3747 719 3800 haberet
748 3746 879 3800 Bal.
921 3728 1106 3799 abess&
1141 3745 1186 3797 G
1329 3747 1637 3814 captiuitati
1671 3747 1727 3809 C,
1769 3763 1903 3799 corr.
1945 3747 2059 3798 Bal
2169 3746 2199 3798 3
2241 3728 2561 3816 extreuS}m‹3
2600 3744 2642 3796 C

349 3840 377 3890 5
419 3836 643 3904 derepta
681 3834 805 3887 Nic.
844 3835 1131 3900 Heinsius,
1174 3834 1385 3903 direpta
1431 3835 1476 3886 G
1646 3838 1729 3886 est
1767 3834 1967 3886 infecta
2005 3834 2246 3903 Lenylet‚
2286 3834 2381 3886 sed
2417 3818 2652 3903 uiryuld

349 3942 512 3992 quam
554 3924 691 3976 dicit
728 3938 837 3976 esse
873 3924 936 3975 in
981 3923 1036 3984 C,
1078 3934 1143 3982 A
1186 3924 1466 3975 distinctio
1506 3929 1587 3975 est
1722 3925 1753 3977 6
1794 3924 2072 3975 clarissimi
2112 3924 2244 3981 Bal,
2285 3923 2555 3974 karissimi
2600 3924 2645 3975 C

352 4016 378 4066 7
421 4014 683 4078 ostentui,
722 4014 740 4064 i
777 4029 888 4067 ras.
921 4029 985 4065 θα)
1015 4030 1057 4078 S,
1096 4011 1140 4064 G
1245 4014 1275 4065 9
1316 4013 1587 4081 principes
1625 4012 1682 4078 Ο,
1714 4029 1848 4065 corr.
1878 4013 1999 4064 Bal
2106 4015 2237 4081 aput
2272 4012 2318 4065 G
2426 4012 2491 4064 10
2532 4012 2639 4064 exi-

350 4103 487 4170 gerit
515 4102 562 4155 C
674 4103 739 4155 14
769 4118 1032 4154 uaesanus
1063 4101 1107 4152 C
1211 4101 1467 4168 praecebs
1497 4101 1541 4153 Ο
1651 4103 1714 4153 19
1748 4100 2095 4154 Caenofrurio
2132 4101 2442 4165 Columbus,
2474 4117 2639 4152 coeno

350 4189 511 4242 frurio
561 4190 627 4254 C;
652 4188 774 4240 <in>
802 4187 1151 4241 Caenofrurio
1191 4189 1496 4242 Heumann
1626 4191 1692 4242 20
1731 4192 1932 4243 traciae
1979 4190 2024 4241 C
2149 4193 2209 4242 21
2254 4190 2555 4257 suspitione
2601 4188 2644 4240 C

352 4279 416 4330 22
457 4279 731 4332 coherceri
775 4278 822 4331 C
991 4280 1058 4330 25
1098 4279 1201 4330 1)ἰο
1244 4279 1512 4331 clecianus
1556 4279 1614 4345 C,
1653 4280 1732 4332 sie
1758 4296 1942 4347 paene
1980 4285 2322 4332 constanter.
2467 4279 2534 4330 26
2573 4295 2641 4330 ne

352 4368 594 4437 Lenylet,
632 4367 760 4421 item
798 4367 1102 4433 Bentleius,
1140 4384 1235 4420 nec
1273 4368 1318 4421 C

2715 1519 2743 1570 7

2715 2473 2748 2524 [Ο

2714 2793 2745 2844 3
