3132 5043
482 441 612 516 338

1541 446 1781 501 Index

480 660 663 712 regem
699 644 899 696 Persen
939 638 1155 695 uictum'
1185 657 1300 694 esse
1342 639 1534 694 Castor
1573 638 1661 705 et!
1752 639 1781 693 Ι
1818 640 1937 703 227,
1977 641 2010 693 3
2050 642 2119 692 ’88.
2160 640 2245 695 20.
2286 643 2411 694 ante
2441 644 2628 693 natum
2656 639 2819 709 philo-

552 733 745 785 Pollux
782 732 1173 784 nuntiauerant
1211 730 1238 782 Ι
1277 729 1397 793 126,
1437 732 1486 782 5.

482 822 682 889 [Persis
725 820 746 872 1
784 820 868 884 84,
910 821 983 888 6.]

480 910 696 963 Persius
745 908 810 962 de
859 912 1038 961 aetate
1086 906 1385 976 sapientiae
1431 906 1458 958 Ι
1503 906 1627 967 227,

556 1000 637 1053 13.
698 997 1111 1067 superstitiones
1164 994 1376 1049 deridet
1425 992 1452 1044 I
1507 995 1626 1057 109,

558 1089 639 1141 13.
685 1088 809 1149 483,
863 1088 942 1140 16.
994 1087 1212 1154 egregie
1251 1085 1629 1153 sapienterque

552 1177 726 1229 sensit
773 1176 864 1235 (de
916 1176 1065 1229 cultu
1104 1174 1233 1240 dei),
1273 1187 1459 1226 uerum
1494 1171 1628 1225 ridi-

554 1266 672 1317 cule
714 1263 801 1327 (de
841 1264 1138 1316 simulacris
1178 1260 1418 1327 deorum)
1450 1261 1477 1313 I
1508 1262 1626 1324 109,

556 1355 638 1406 19.
678 1353 994 1405 Persianum
1033 1351 1172 1404 illud
1209 1351 1236 1404 Ι
1277 1352 1395 1414 102,
1433 1351 1483 1403 3.

480 1442 545 1507 Q.
584 1443 815 1495 Petilius
853 1445 1071 1510 praetor
1107 1440 1340 1493 urbanus
1376 1439 1405 1493 Ι
1442 1439 1528 1502 89,
1578 1439 1625 1491 2.

479 1532 646 1584 Petili
683 1531 889 1584 scribae
926 1528 983 1583 in
1022 1547 1150 1599 agro
1190 1530 1216 1582 Ι
1253 1529 1340 1588 88,
1382 1528 1465 1583 18.

480 1620 691 1683 Petrus,
734 1637 854 1673 cum
892 1618 1036 1672 Nero
1067 1619 1374 1686 imperaret,
1401 1618 1629 1670 Romam

554 1711 708 1762 uenit
736 1713 789 1761 et
821 1708 983 1762 editis
1014 1707 1343 1775 quibusdam.
1356 1707 1628 1760 miraculis

554 1799 821 1852 conuertit
874 1798 1072 1850 multos
1129 1796 1199 1849 ad
1253 1795 1521 1849 iustitiam
1572 1795 1630 1847 II

552 1888 610 1940 M
655 1889 771 1950 174,
824 1887 905 1939 15.
951 1886 1103 1939 Petri
1142 1888 1197 1939 et
1232 1885 1389 1938 Pauli
1425 1886 1628 1937 Romae

553 1976 902 2047 praedicatio,
955 1977 1009 2029 in
1059 1975 1369 2028 memoriam
1426 1975 1630 2044 scripta

553 2066 850 2134 permansit
894 2067 922 2119 I
968 2066 1090 2127 367,
1134 2064 1196 2118 18
1236 2081 1306 2117 88.
1346 2081 1377 2116 a
1412 2062 1628 2116 Nerone

552 2155 910 2222 interemptus
957 2153 985 2206 Ι
1035 2153 1156 2214 368,
1211 2153 1291 2205 11.
1342 2153 1486 2205 cruci
1532 2151 1628 2204 ad-

552 2244 685 2297 fixus
723 2243 779 2297 11
816 2244 872 2297 M
924 2244 1041 2305 175,
1089 2243 1138 2298 5.
1191 2271 1251 2282 -
1303 2243 1369 2296 cf.
1409 2241 1626 2294 Paulus.

480 2332 701 2386 Phaedo
742 2332 917 2402 (codd.
948 2331 1337 2400 Pythagoram)
1367 2330 1394 2383 Ι
1424 2330 1545 2385 259.
1579 2331 1626 2382 5.

480 2422 862 2475 Phaenomena
901 2422 992 2489 qui
1023 2421 1458 2489 conscripserunt
1484 2419 1513 2473 Ι
1541 2419 1627 2483 83,

556 2512 637 2566 16.
677 2511 910 2564 Nasonis
947 2510 974 2563 I
1016 2510 1134 2572 118,
1176 2511 1259 2565 16.

479 2602 765 2654 Phaethon
827 2601 856 2654 Ι
925 2600 1043 2664 151,
1110 2601 1193 2654 11.
1266 2598 1632 2653 Phaethontei

550 2691 705 2758 ignes
755 2690 811 2743 II
861 2690 944 2742 Ph
1000 2691 1118 2752 136,
1171 2690 1251 2742 11.
1304 2688 1563 2757 [Φαέθων
1602 2689 1632 2742 Ι

557 2781 637 2833 14.
679 2780 752 2848 3.]

477 2869 727 2922 Phalaris
764 2868 791 2920 I
833 2868 950 2929 112,
991 2867 1039 2920 8.
1080 2868 1202 2930 242,
1245 2869 1291 2920 1.
1322 2866 1630 2920 Phalaridis

552 2963 743 3010 taurus
781 2956 808 3008 I
846 2956 969 3017 262,
1010 2956 1058 3008 2.

480 3043 669 3114 Φάνης
706 3044 732 3097 Ι
774 3045 855 3106 13,
899 3045 981 3098 18.

479 3131 728 3185 Phasidis
769 3133 883 3185 auis
920 3132 977 3185 II
1011 3133 1095 3185 Ph
1137 3133 1254 3196 145,
1296 3133 1414 3185 144.

478 3220 791 3273 Pheneatae
830 3222 857 3274 I
897 3223 979 3284 19,
1024 3222 1102 3274 11.

478 3308 817 3377 Pherecydes
891 3313 1212 3378 praeceptor
1282 3310 1630 3379 Pythagorae

550 3397 577 3449 Ι
617 3398 736 3461 610,
778 3399 827 3451 6.
869 3397 933 3452 (18
972 3398 1368 3453 inmortalitate
1419 3400 1630 3453 animae

548 3487 575 3540 Ι
614 3487 733 3551 608,
772 3489 823 3540 4.
863 3489 983 3552 610,
1028 3490 1077 3541 7.

480 3574 708 3628 Phidias
745 3576 772 3628 I
814 3577 931 3640 110,
976 3578 1021 3630 1.

478 3663 764 3717 Philemon
805 3666 1007 3734 (poeta)
1047 3666 1103 3718 ΙΙ
1142 3668 1262 3731 156,
1302 3667 1348 3719 7.

475 3752 815 3822 Philippicae
858 3753 1174 3824 (Ciceronis)
1215 3754 1241 3807 1
1274 3754 1392 3818 104,
1423 3753 1471 3807 8.
1505 3753 1627 3816 218,

550 3842 598 3893 9.
640 3843 761 3904 551,
800 3843 887 3897 21.

475 3929 785 3983 Philocteta
821 3931 848 3983 I
886 3932 971 3996 33,
1016 3931 1097 3984 11.

477 4019 543 4072 (18
601 4019 945 4088 philosophia
996 4018 1022 4071 1
1078 4021 1196 4082 179,
1255 4020 1520 4084 23—228,
1578 4021 1627 4075 8.

552 4109 672 4171 257,
722 4109 753 4161 3
803 4126 874 4161 88.
923 4109 1044 4171 699,
1098 4109 1358 4172 13—706‚
1406 4111 1454 4162 9.
1497 4109 1628 4177 quid

550 4195 623 4247 sit
675 4195 701 4247 I
750 4195 868 4260 180,
919 4197 948 4248 7
1000 4213 1080 4248 88.-
1124 4197 1244 4259 699,
1296 4198 1378 4253 19.
1419 4197 1627 4251 duabus

549 4284 710 4336 rebus
763 4287 994 4348 constat,
1048 4284 1273 4338 scientia
1328 4290 1382 4339 st
1439 4287 1625 4356 opina-

550 4373 701 4425 tione
738 4372 764 4425 Ι
807 4373 924 4436 181,
968 4374 1032 4426 12
1073 4391 1142 4426 88.
1185 4373 1249 4426 (18
1290 4374 1405 4428 eins
1445 4379 1625 4428 aetate

1752 729 2216 798 sophiaenomen
2262 729 2291 782 Ι
2340 731 2464 792 413,
2524 729 2606 785 10.
2659 729 2820 798 philo-

1754 817 1977 887 sophiae
2021 822 2234 887 partes:
2285 819 2502 887 (prima)
2547 818 2766 888 physica
2795 818 2822 870 I

1758 908 1876 971 190,
1938 908 2017 960 12.
2075 908 2161 961 20.
2214 908 2357 976 (181,
2414 909 2519 973 19.)
2572 908 2694 970 701,
2746 908 2820 961 21.

1755 996 1928 1049 altera
1972 997 2191 1049 moralis
2229 998 2256 1051 Ι
2297 997 2415 1061 190,
2457 997 2539 1051 11.
2581 997 2705 1059 701,
2743 997 2819 1048 21.

1757 1084 1935 1137 ethica
2003 1085 2030 1138 Ι
2105 1086 2225 1147 703,
2290 1087 2376 1139 21.
2442 1086 2609 1139 tertia
2674 1103 2822 1155 quam

1690 1210 1696 1215 -
1753 1176 1956 1227 uocant
1991 1172 2204 1245 λογικήν
2241 1174 2271 1227 Ι
2307 1174 2428 1238 212,
2477 1175 2563 1228 20.
2614 1175 2733 1237 706,
2781 1175 2820 1226 1.

1757 1262 1862 1316 duo
1939 1263 2054 1316 eius
2128 1279 2343 1331 genera,
2419 1280 2582 1317 unum
2657 1266 2820 1325 uetuS,

1757 1352 1987 1405 alterum
2024 1350 2221 1405 nouum
2256 1352 2285 1405 Ι
2327 1349 2443 1416 185,
2479 1353 2559 1408 17.
2594 1352 2712 1415 701,
2746 1352 2820 1404 15.

1758 1441 1873 1493 eius
1921 1443 2101 1493 sectae
2147 1440 2174 1492 I
2216 1440 2332 1504 184,
2370 1441 2422 1494 8.
2464 1442 2543 1496 10.
2586 1440 2817 1506 220,16.

1758 1530 1877 1592 701,
1932 1530 1981 1583 6
2036 1528 2102 1582 (18
2153 1530 2423 1583 inanitate
2475 1530 2588 1583 eius
2636 1530 2663 1582 I
2707 1530 2817 1590 213,

1758 1619 1844 1671 11.
1899 1619 2020 1680 215,
2079 1619 2111 1671 2
2168 1620 2414 1682 88.217,
2470 1621 2536 1673 10
2587 1636 2656 1672 88
2707 1618 2816 1680 220,

1760 1707 2023 1770 15-224,
2068 1709 2149 1761 15.
2190 1708 2309 1772 706,
2347 1710 2398 1765 6.
2431 1708 2694 1777 sapientia
2721 1724 2816 1759 non

1757 1796 2379 1860 est1179,8.187,10
2410 1798 2630 1861 88.213,
2664 1797 2725 1850 13
2755 1813 2814 1851 88.

1756 1887 1878 1948 257,
1946 1887 2030 1939 21.
2098 1882 2219 1949 699,
2293 1887 2380 1940 20.
2458 1885 2601 1955 apud
2671 1886 2815 1938 deum

1755 1974 1997 2026 stultitia
2052 1978 2137 2027 est
2191 1974 2218 2027 Ι
2275 1975 2394 2037 725,
2457 1976 2538 2028 11.
2589 1991 2696 2027 11011
2744 1976 2817 2026 est

1754 2062 2018 2131 magistra
2066 2063 2215 2116 uitae
2253 2062 2279 2115 I
2318 2064 2440 2126 215,
2483 2064 2736 2128 1-1—220,
2770 2061 2812 2115 8.

1757 2153 1871 2204 eius
1908 2152 2223 2220 mysterium
2250 2151 2422 2205 barba
2450 2155 2655 2205 tantum
2690 2151 2812 2204 cele·

1753 2240 1943 2294 bratur
1963 2245 2019 2293 et
2039 2240 2250 2309 pallioI
2280 2241 2402 2303 257,
2435 2241 2520 2294 22.
2551 2238 2814 2293 abicienda

1758 2333 1842 2383 est
1878 2329 1906 2382 Ι
1942 2330 2063 2392 226,
2105 2332 2153 2383 6.
2195 2330 2412 2383 sublata
2452 2334 2536 2383 est
2571 2329 2598 2381 I
2631 2330 2743 2393 184,
2768 2331 2811 2382 4.

1758 2419 2048 2481 701,10.
2138 2436 2350 2472 omnem
2436 2418 2813 2489 philosophiam

1756 2506 2049 2561 Academia
2092 2507 2366 2576 iugulauit
2408 2508 2437 2562 Ι
2484 2510 2602 2573 596,
2652 2510 2728 2563 15.
2764 2524 2813 2560 88

1756 2598 1877 2666 ipsa
1924 2598 2195 2650 consumit
2229 2597 2258 2650 Ι
2300 2598 2417 2662 185,
2463 2600 2545 2653 12.
2586 2600 2698 2662 701,
2736 2598 2811 2652 20.

1758 2703 1887 2738 uera
1923 2686 2269 2756 philosophia
2305 2686 2362 2739 11
2398 2687 2486 2750 63,
2530 2688 2607 2741 13.

1688 2773 1998 2843 philosophi
2051 2775 2194 2844 apud
2233 2774 2468 2829 Graecos
2519 2776 2712 2829 maiore
2762 2776 2811 2828 in

1758 2864 1932 2932 gloria
1980 2880 2137 2932 quam
2180 2867 2421 2917 oratores
2461 2865 2678 2918 suerunt
2710 2865 2733 2916 I
2768 2865 2811 2926 3,

1758 2955 1807 3006 9.
1867 2969 2049 3005 eorum
2107 2952 2324 3021 grauior
2391 2956 2475 3006 est
2540 2954 2814 3007 auctoritas

1760 3058 1918 3110 quam
1964 3044 2243 3110 poetarum
2291 3042 2318 3094 I
2369 3042 2450 3105 16,
2498 3043 2549 3096 3.
2590 3044 2707 3109 678,
2740 3042 2816 3094 24.

1756 3131 2144 3184 intellexerunt
2208 3130 2340 3199 quid
2402 3148 2510 3183 non
2575 3132 2663 3195 sit,
2723 3146 2817 3183 non

1760 3218 2006 3272 dixerunt
2052 3218 2182 3287 quid
2230 3219 2302 3272 sit
2337 3220 2364 3272 I
2408 3220 2524 3281 107,
2569 3221 2651 3273 14.
2687 3218 2818 3272 nulla

1759 3325 1942 3361 eorum
1981 3311 2129 3362 secta
2167 3309 2275 3361 suit
2313 3325 2450 3378 quae
2488 3326 2596 3362 non
2638 3308 2818 3363 uiderit

1759 3397 1964 3466 aliquid
2030 3415 2092 3450 ex
2156 3414 2283 3451 uero
2348 3397 2377 3451 Ι
2442 3398 2567 3461 606,
2636 3400 2699 3452 15
2754 3414 2813 3449 88.

1759 3504 1940 3540 eorum
1999 3486 2064 3540 de
2121 3504 2227 3539 uno
2286 3485 2386 3540 deo
2437 3487 2750 3541 testimonia
2789 3485 2814 3537 I

1761 3576 1843 3638 16,
1883 3577 1929 3629 3.
1972 3575 2093 3640 678,
2137 3575 2220 3629 13.
2252 3576 2342 3644 qui
2369 3576 2682 3645 philosophi-
2708 3592 2813 3645 pro-

1757 3663 2054 3716 uidentiam
2102 3680 2217 3717 esse
2264 3665 2355 3717 uel
2408 3663 2816 3718 existimauerint

1756 3752 1844 3805 uel
1895 3753 2219 3821 negauerint
2265 3752 2322 3805 H
2371 3753 2457 3818 82,
2514 3755 2596 3807 16.
2648 3754 2731 3816 93,
2771 3753 2814 3807 9.

1757 3842 1843 3903 94,
1913 3843 1957 3894 1.
2023 3841 2075 3894 4.
2121 3857 2326 3894 ¹eorum
2390 3843 2688 3896 sententiae
2758 3840 2815 3893 de

1756 3947 1962 3983 summo
2000 3929 2145 3983 bono
2175 3930 2203 3982 1
2235 3932 2353 3995 191,
2385 3932 2416 3984 6
2446 3949 2516 3985 88.
2549 3932 2667 3995 702,
2693 3932 2728 3984 4
2752 3946 2813 3984 88.

1697 4040 1704 4044 ·
1758 4018 1823 4072 (18
1876 4019 2056 4072 anima
2105 4018 2159 4071 II
2214 4021 2297 4082 55,
2354 4021 2436 4073 11.
2488 4021 2573 4083 56,
2629 4020 2706 4074 18.
2756 4018 2814 4071 (18

1755 4112 1948 4161 natura
1976 4125 2037 4161 ac
2065 4108 2184 4161 loco
2213 4109 2411 4161 mentis
2439 4108 2496 4161 Π
2522 4111 2608 4173 51,
2632 4109 2710 4163 18.
2738 4109 2812 4168 52,

1756 4199 1804 4250 2.
1855 4197 1922 4250 (18
1969 4197 2050 4250 ira
2095 4197 2151 4249 11
2203 4198 2319 4259 112,
2372 4198 2454 4249 17.
2503 4197 2569 4251 de
2606 4215 2732 4252 uoce
2763 4195 2813 4249 ΙΙ

1757 4287 1841 4349 50,
1895 4287 1976 4342 10.
2028 4285 2093 4339 de
2140 4286 2262 4339 uisu
2308 4286 2365 4339 11
2414 4287 2499 4350 30,
2554 4287 2602 4339 2.
2653 4287 2814 4357 philo·

1757 4376 1922 4445 sophi
1952 4394 2058 4430 non
2080 4376 2381 4430 utilitatem
2408 4393 2467 4430 ex
2487 4376 2814 4446 philosophia
