3132 5043
1042 430 1426 485 nominum
1485 433 1558 486 et
1612 448 1878 489 rerum.

272 651 277 655 -
352 616 406 670 in
446 617 708 671 Fanatico
770 618 835 671 de
891 620 1057 673 sacris
1111 620 1430 689 quibusdam

352 706 380 759 I
419 705 507 770 81,
554 708 633 760 18.
678 708 881 776 optime
921 708 987 761 de
1023 710 1368 763 matrimonio
1408 711 1433 763 1

352 797 478 858 569,
521 796 571 849 8.

284 883 544 949 Quirinus
582 883 609 937 Ι
648 887 733 950 56,
787 887 868 940 18.
920 887 1025 956 [59‚
1069 889 1174 957 17.]
1222 889 1307 952 60,
1350 889 1432 944 16.

351 974 444 1035 61,
486 975 533 1028 6.
575 974 660 1038 82,
703 976 787 1029 18.
830 976 973 1045 [280,
1016 978 1088 1045 7.]

284 1063 555 1131 [Quirites
594 1065 621 1118 I
657 1065 744 1128 80,
786 1069 835 1120 6.
878 1067 995 1132 124,
1036 1068 1108 1135 5.]

277 1240 444 1295 Ratio
486 1244 703 1312 propria
742 1244 958 1298 diuinae
996 1245 1375 1314 prouidentiae
1407 1247 1433 1300 I

352 1331 476 1395 154,
521 1333 567 1385 7.
607 1332 872 1386 uniuersis
913 1333 1235 1387 animalibus
1286 1334 1430 1397 data,

352 1419 449 1472 sed
500 1420 708 1474 homini
752 1422 997 1491 perfecta
1042 1422 1069 1475 I
1117 1424 1239 1487 203,
1289 1424 1337 1477 3.
1377 1424 1434 1477 ΙΙ

2508 439 2640 503 343

1560 622 1616 674 in
1674 622 1938 691 religione
1996 626 2378 680 auctoritatem
2432 627 2461 681 Ι
2522 629 2642 691 122,

1560 711 1827 776 20-125,
1906 713 1984 765 12.
2074 715 2264 783 religio
2337 733 2642 785 nomenque

1561 799 1931 854 Christianum
1983 802 2011 855 I
2060 803 2181 867 404,
2238 805 2320 857 15.
2376 805 2458 858 De
2512 822 2644 859 uera

1561 889 1833 957 sapientia
1863 894 1918 943 et
1945 891 2206 960 religione
2236 893 2330 946 lib.
2361 893 2637 948 IVInstit.

1560 978 1853 1047 inscriptus
1904 983 2001 1043 est,
2053 980 2137 1034 De
2189 981 2328 1035 falsa
2376 984 2640 1052 religione

1563 1066 1658 1122 lib.
1699 1065 1742 1118 Ι.
1783 1067 1976 1136 religio
2015 1067 2154 1121 falsa
2188 1069 2217 1122 I
2257 1071 2374 1133 106,
2410 1072 2635 1136 1—107,

1561 1157 1609 1209 9.
1663 1156 1781 1219 178,
1831 1157 1914 1209 21.
1964 1157 2084 1220 204,
2137 1159 2201 1215 17
2250 1176 2320 1211 sS.
2375 1160 2497 1222 699,
2552 1162 2636 1213 12.

1558 1245 1728 1298 falsae
1775 1244 2066 1315 religiones
2114 1245 2141 1299 Ι
2191 1248 2309 1306 105.
2360 1249 2424 1301 21
2477 1266 2544 1301 ss.
2586 1250 2637 1303 11

1560 1334 1645 1396 69,
1690 1334 1770 1390 15.
1811 1334 1878 1400 cf.
1921 1336 2086 1387 etiam
2133 1334 2208 1387 dii
2257 1335 2432 1405 (deus)
2483 1342 2538 1390 et
2574 1339 2640 1391 in

1558 1423 1756 1476 Indice
1790 1423 2003 1477 uerbor.
2045 1423 2257 1494 religio,

353 1509 439 1571 12,
483 1511 548 1563 17
590 1526 657 1562 ss.
708 1510 916 1563 homini
953 1512 1055 1564 soli
1095 1511 1224 1565 data
1252 1511 1279 1564 I
1308 1513 1429 1573 595,
1486 1512 1687 1567 Remus
1725 1512 1754 1565 I
1791 1512 1911 1575 686,
1955 1514 2036 1568 14.

352 1598 378 1648 1
407 1614 479 1649 ss.
531 1596 596 1652 cf.
626 1598 803 1651 hom0.
834 1599 1100 1653 rationem
1132 1605 1223 1666 (sc.
1248 1599 1427 1666 deum)
1486 1617 1642 1654 renes
1682 1601 1746 1654 cf.
1786 1602 1978 1656 rienes.

346 1685 494 1737 ratio
544 1686 824 1753 cognoscit
870 1687 926 1741 II
975 1689 1058 1753 78,
1112 1689 1192 1743 11.
1244 1720 1307 1729 —
1363 1690 1428 1744 cf.
1485 1691 1828 1744 resurrectio:
1869 1694 2155 1759 resurgent
2193 1693 2403 1746 animae
2443 1693 2511 1747 ad
2553 1696 2635 1747 ui-

350 1772 618 1826 Christus,

276 1860 547 1914 Rauenna
583 1862 641 1915 II
675 1863 735 1915 M,
772 1865 889 1928 191,
929 1866 979 1918 2.
1019 1866 1141 1931 202,
1181 1867 1265 1920 26.

274 1954 460 2002 rector
487 1952 798 2020 prouinciae
826 1953 854 2006 I
887 1954 1003 2017 168,
1040 1955 1118 2011 14.
1150 1957 1219 2024 cf.
1242 1956 1426 2010 Indic.

348 2040 571 2093 uerbor.
612 2046 802 2096 rector.

275 2144 438 2196 reges
479 2127 555 2181 dii
592 2129 749 2183 facti:
790 2130 855 2185 cf.
897 2132 989 2185 dii.

275 2217 524 2285 Regulus
562 2218 591 2271 I
625 2221 749 2284 441,
793 2222 874 2276 15.

278 2306 472 2375 religio
513 2307 655 2361 unde
692 2326 889 2363 nomen
918 2311 1188 2380 acceperit
1217 2315 1273 2366 et
1302 2311 1431 2382 quid

258 2438 261 2441 .
351 2395 427 2447 sit
478 2395 507 2449 Ι
558 2398 678 2459 389,
734 2400 964 2463 2-391,
1023 2402 1107 2456 20.
1165 2401 1286 2465 278,
1347 2403 1430 2457 12.

352 2485 475 2549 514,
520 2487 602 2543 10.
644 2489 763 2547 725.
806 2489 887 2543 12.
929 2491 1048 2555 753,
1090 2490 1174 2546 20.
1219 2491 1269 2544 ΙΙ
1312 2456 1463 2558 123,1

356 2576 439 2630 13.
482 2574 549 2629 de
589 2578 736 2631 caelo
776 2582 860 2632 est
886 2579 913 2632 I
943 2581 1064 2642 263,
1096 2582 1180 2633 22.
1211 2582 1431 2633 terroris

353 2665 535 2732 gratia
573 2682 605 2717 a
642 2667 975 2736 sapientibus
1023 2669 1279 2723 instituta
1329 2686 1430 2737 pu-

352 2757 506 2806 tatur
556 2754 611 2807 II
662 2755 747 2817 80,
802 2758 886 2810 22.
938 2758 1024 2819 82,
1085 2759 1165 2811 12.
1218 2759 1303 2821 93,
1348 2759 1427 2811 17.

353 2858 531 2894 rerum
572 2845 809 2898 omnium
859 2850 1022 2914 caput
1058 2847 1085 2899 I
1123 2849 1244 2911 429,
1285 2849 1333 2901 8.
1375 2849 1430 2900 in

353 2932 471 2984 sola
525 2933 790 3001 religione
847 2952 1110 2988 summum
1166 2937 1364 2990 bonum
1403 2938 1431 2992 Ι

1553 1782 1667 1832 tam
1697 1796 1987 1848 perennem
2008 1779 2035 1832 l
2057 1780 2178 1844 616,
2205 1782 2286 1835 15.
2313 1785 2638 1836 resurrectio

1554 1868 1770 1937 (prima)
1812 1868 2078 1921 iustorum
2116 1868 2143 1920 1
2181 1870 2301 1929 647,
2343 1870 2390 1924 3.
2432 1872 2553 1936 649,
2590 1873 2635 1927 l.

1555 1959 1604 2010 5.
1656 1957 1775 2019 652,
1829 1958 1911 2012 12.
1963 1958 2084 2023 654,
2135 1959 2184 2012 2.
2239 1960 2500 2023 10-658,
2552 1962 2637 2018 11.

1556 2047 1679 2107 759,
1705 2046 1786 2099 ll.
1819 2045 1875 2098 in
1916 2063 2022 2115 qua
2050 2047 2187 2115 inpii
2215 2065 2323 2101 non
2351 2055 2638 2118 resurgent

1554 2133 1584 2187 1
1622 2135 1744 2195 649,
1795 2136 1827 2187 2
1879 2152 1947 2189 ss.
1997 2136 2117 2199 652,
2174 2137 2257 2192 13.
2304 2137 2540 2191 secunda
2578 2142 2634 2192 et

1556 2223 1777 2290 publica
1805 2224 2044 2276 omnium
2074 2227 2412 2288 resurrectio,
2443 2227 2496 2282 in
2530 2244 2637 2295 qua

1557 2311 1936 2365 excitabuntur
1989 2312 2179 2365 iniusti
2236 2315 2302 2367 ad
2360 2315 2632 2369 cruciatus

1558 2399 1914 2468 sempiternos
1963 2401 1988 2453 I
2046 2402 2166 2464 666,
2227 2402 2306 2455 18.
2367 2404 2487 2466 760,
2551 2406 2630 2458 13.

1555 2493 1749 2558 poetae
1805 2490 2248 2544 resurrectionem
2302 2492 2359 2545 in
2414 2491 2634 2547 modum

1558 2579 1964 2634 commenticiae
2002 2578 2218 2633 fabulae
2258 2581 2629 2650 prodiderunt,

1557 2667 1652 2720 sed
1692 2667 1856 2720 errori
1894 2685 2073 2720 eorum
2112 2668 2251 2721 ratio
2301 2670 2488 2723 subest
2523 2687 2633 2724 non

1555 2757 1707 2809 nulla
1744 2756 1770 2808 1
1808 2757 1930 2820 652,
1967 2759 2030 2811 17
2060 2774 2129 2809 ss.
2158 2759 2424 2811 anastasis
2453 2759 2480 2815 I
2509 2762 2629 2823 656,

1556 2847 1608 2898 4.·
1660 2847 1782 2907 657,
1836 2845 1884 2898 8.
1937 2877 2005 2884 -
2055 2848 2375 2900 resurrectio
2429 2847 2632 2903 Christi

1557 2934 1623 2986 cf.
1665 2933 1926 2987 Christus.

352 3020 476 3082 202,
518 3021 567 3074 3.
608 3028 999 3077 sacramentum
1047 3025 1265 3079 diuinae
1303 3026 1429 3080 reli·
1483 3022 1930 3076 Rhadamanthus
1968 3024 1995 3076 I
2032 3024 2154 3087 247,
2198 3024 2278 3077 18.
2321 3026 2441 3089 653,
2477 3026 2557 3079 14.

353 3110 535 3177 gionis
586 3110 615 3163 1
666 3113 811 3178 (419,
863 3114 969 3182 22).
1019 3115 1142 3175 421,
1198 3116 1247 3169 2.
1302 3115 1427 3168 reli·
1484 3110 1638 3164 Rhea
1693 3127 1843 3164 soror
1898 3114 1954 3164 et
2007 3128 2138 3164 uxor
2194 3112 2413 3165 Saturni
2471 3129 2631 3180 quam

352 3199 531 3267 gionis
580 3204 664 3253 est
709 3203 925 3270 propria
972 3203 1185 3257 iustitia
1220 3205 1311 3257 uel
1346 3205 1428 3257 iu-

353 3289 511 3341 stitia
549 3292 632 3342 est
672 3287 699 3340 I
736 3290 858 3353 467,
898 3293 947 3344 5.
989 3293 1109 3353 754,
1154 3292 1199 3346 1.
1249 3291 1305 3343 II
1344 3293 1427 3353 79,

1552 3200 1749 3254 Latine
1813 3199 1983 3269 Opem
2050 3201 2277 3254 dicimus
2333 3202 2361 3255 I
2408 3203 2492 3265 50,
2549 3203 2629 3256 16.

1554 3295 1730 3343 mater
1765 3289 1912 3342 Iouis
1951 3288 1978 3341 I
2016 3290 2101 3346 37.
2139 3291 2190 3341 4.

350 3379 435 3430 22.
505 3377 591 3441 81,
660 3378 743 3431 20.
811 3379 894 3442 98,
966 3380 1047 3432 11.
1112 3380 1306 3446 religio
1375 3382 1430 3431 et
1483 3378 1664 3433 Rhodi
1729 3378 1982 3447 oppidum
2048 3377 2250 3431 Lindus
2307 3378 2335 3431 I
2393 3378 2478 3442 84,
2548 3379 2630 3432 10.

352 3467 650 3535 sapientia:
692 3466 757 3518 cf.
798 3467 1080 3536 sapientia.
1121 3485 1246 3520 uera
1285 3468 1427 3538 sapi-

1556 3469 1679 3532 689,
1719 3469 1803 3521 20.

355 3556 508 3608 entia
552 3556 610 3609 in
655 3557 918 3625 religione
969 3556 1278 3612 Christiana
1315 3557 1431 3610 sola
1484 3558 1660 3611 rienes
1699 3557 1802 3609 duo
1842 3555 1897 3609 11
1924 3557 2011 3619 43,
2041 3557 2090 3610 9.
2121 3556 2287 3609 Varro
2321 3556 2386 3609 de
2412 3558 2632 3609 nomine

353 3647 604 3697 uersatur
653 3644 680 3696 1
724 3646 846 3708 302,
899 3646 944 3699 1.
992 3645 1185 3714 religio
1239 3664 1367 3700 uera
1403 3646 1431 3699 I

1556 3663 1739 3699 eorum
1778 3644 1833 3697 11
1870 3645 1956 3708 48,
1998 3645 2082 3697 23.

356 3733 474 3791 105,
526 3734 792 3796 23-107,
841 3734 927 3788 20.
979 3735 1033 3787 in
1082 3735 1297 3789 Christo
1347 3738 1430 3788 est
1485 3736 1622 3788 risus
1661 3735 1713 3787 H
1752 3735 1839 3798 79,
1878 3734 1927 3786 2.

351 3824 378 3877 I
418 3824 540 3885 722,
581 3824 671 3876 21.
720 3823 835 3876 eius
885 3824 1063 3892 imago
1118 3828 1205 3877 est
1253 3825 1429 3877 oriens
1484 3826 1673 3893 robigo
1739 3839 1834 3889 pro
1902 3824 2004 3877 dea
2066 3822 2256 3876 habita
2310 3822 2338 3875 I
2397 3824 2478 3885 74,
2542 3823 2627 3876 22.

355 3913 462 3978 <sol
512 3912 647 3979 dies)
697 3912 724 3966 Ι
775 3914 892 3972 144,
934 3916 982 3969 5.
1040 3913 1233 3982 religio
1280 3914 1430 3966 nulla

1556 3915 1677 3976 687,
1720 3914 1803 3968 10.

354 4004 440 4055 est
496 4001 591 4055 ubi
647 4002 993 4056 simulacrum
1051 4006 1135 4055 est
1171 4002 1199 4055 I
1240 4003 1355 4065 175,
1397 4003 1428 4054 2
1483 4004 1656 4056 Roma
1697 4003 1752 4070 [a
1787 4001 2014 4055 Romulo
2056 4003 2111 4054 et
2148 4000 2335 4069 genita
2382 4003 2436 4052 et
2475 4000 2631 4067 quasi

353 4108 422 4145 εει.
472 4091 786 4145 uoluntaria
833 4094 916 4143 est
954 4092 979 4143 I
1016 4092 1141 4152 463,
1181 4092 1264 4143 20.
1305 4092 1427 4153 465,

357 4182 437 4234 19.
495 4180 615 4244 728,
669 4181 718 4234 2.
773 4180 1040 4248 quomodo
1093 4179 1431 4232 defendenda

354 4271 428 4322 sit
474 4270 503 4323 I
549 4270 675 4332 462,
724 4271 952 4332 6-466,
1004 4271 1052 4325 3.
1101 4272 1222 4332 469,
1277 4271 1301 4322 1
1358 4287 1427 4324 ss,

350 4361 480 4424 470,
532 4361 563 4413 2
618 4376 689 4412 ss.
743 4358 1005 4411 maiorum
1056 4359 1260 4411 nullam
1313 4331 1461 4410 esse¹

1557 4091 1788 4144 educata
1825 4092 1851 4144 I
1890 4091 2010 4153 633,
2056 4090 2156 4158 10.]
2199 4106 2229 4141 a
2260 4088 2431 4142 Gallis
2470 4105 2628 4141 occu-

1554 4184 1685 4248 pata
1722 4180 1748 4231 Ι
1789 4181 1872 4242 76,
1917 4180 1996 4233 13.
2029 4177 2266 4246 Sibyllae
2294 4177 2518 4229 Romam
2543 4177 2627 4228 in-

1554 4269 1837 4321 terituram
1898 4282 2014 4318 csse
2073 4264 2368 4333 loquuntur
2421 4264 2448 4316 1
2503 4267 2627 4328 634,

1559 4359 1644 4411 13.
1700 4356 1957 4408 incolumi
2004 4354 2134 4407 urbe
2178 4355 2348 4407 Roma
2394 4357 2634 4406 extrema.
