3132 5043
1147 441 1356 493 liber
1403 459 1445 495 c.
1489 442 1573 494 17.
1618 442 1700 495 18.
2446 444 2577 506 193

274 634 657 709 conseruari,
705 638 780 696 ut
837 633 959 697 duo
1021 634 1150 697 sint
1204 635 1267 697 in
1323 655 1389 699 re
1444 635 1702 716 publica
1757 634 2053 707 maiores,
2105 636 2212 718 qui
2262 655 2575 701 summam

271 761 484 804 rerum
539 744 815 804 teneant.
865 740 1020 803 item
1078 741 1202 804 duo
1260 741 1560 818 minoreS,
1613 742 1723 823 qui
1781 742 1910 805 sint
1965 742 2356 806 adiumento:
2414 742 2578 805 inter

274 848 435 911 duos
501 848 690 911 facile
755 865 943 928 posse
1011 848 1410 911 concordiam
1478 848 1736 925 seruari,
1805 849 1968 911 inter
2035 852 2333 930 quattuor
2394 867 2574 929 pares

271 955 449 1018 nullo
510 954 717 1020 modo.
829 955 884 1018 si
937 955 1077 1037 ipse
1135 954 1355 1018 cedere
1411 954 1747 1030 noluisset,
1809 973 1874 1017 se
1935 954 2055 1016 sibi
2114 954 2574 1027 consulturum,
2632 960 2671 1011 6

210 1078 234 1115 5
272 1082 349 1125 ne
399 1061 676 1142 amplius
724 1062 930 1125 minor
978 1065 1040 1124 et
1088 1064 1403 1124 extremus
1454 1064 1644 1125 esset.
1693 1061 1818 1124 iam
1867 1062 2123 1125 fluxisse
2163 1081 2357 1125 annos
2399 1061 2577 1142 quin-

272 1169 480 1231 decim
535 1168 864 1249 <quibus>
915 1169 979 1232 in
1035 1168 1364 1250 illyricum
1420 1168 1485 1231 id
1545 1171 1646 1232 est
1701 1168 1779 1231 ad
1834 1169 2031 1250 ripam
2089 1168 2370 1232 Danuuii
2423 1169 2577 1231 rele-

272 1279 463 1358 gatus
514 1294 658 1338 cum
707 1276 1003 1358 gentibus
1044 1275 1324 1338 barbaris
1363 1276 1737 1349 luctaretur,
1780 1294 1925 1338 cum
1965 1275 2069 1338 alii
2109 1275 2274 1338 intra
2309 1275 2575 1338 laxiores

271 1385 336 1445 et
405 1383 750 1463 quietiores
813 1385 1014 1446 terras
1082 1382 1352 1446 delicate
1419 1382 1817 1462 imperarent.
1922 1381 2021 1445 his
2091 1380 2324 1445 auditis
2392 1400 2578 1444 senex
2635 1388 2669 1440 7

268 1489 642 1571 languidus,
692 1490 801 1569 qui
847 1489 975 1551 iam
1024 1492 1087 1552 et
1132 1488 1497 1552 Maximiani
1546 1490 1716 1552 senis
1765 1487 2008 1552 litteras
2058 1492 2384 1571 acceperat
2429 1473 2578 1551 scri-

185 1615 234 1655 10
273 1597 488 1659 bentis
548 1615 986 1676 quaecumque
1042 1597 1298 1659 locutus
1346 1596 1597 1665 fuisset,
1649 1598 1712 1659 et
1760 1595 2069 1659 didicerat
2114 1594 2332 1677 augeri
2379 1594 2454 1658 ab
2505 1613 2576 1658 eo

272 1703 645 1777 exercitum,
695 1703 1209 1766 lacrimabundus
1271 1702 1421 1765 ‘fiat’
1469 1702 1679 1783 inquit
1728 1703 1803 1765 ‘si
1850 1702 1968 1765 hoc
2016 1704 2268 1785 placet’.
2364 1720 2578 1783 super-
2634 1707 2672 1760 8

271 1812 410 1872 erat
457 1812 531 1872 ut
580 1809 899 1872 communi
957 1809 1221 1873 consilio
1285 1811 1569 1872 omnium
1620 1807 1919 1872 Caesares
1967 1810 2349 1891 legerentur.
2407 1807 2577 1888 ‘quid

272 1935 436 1995 opus
498 1919 599 1979 est
654 1915 940 1989 consili0,
992 1935 1137 1979 cum
1197 1915 1283 1978 sit
1330 1934 1590 1979 necesse
1637 1915 1769 1979 illis
1820 1915 2066 1978 duobus
2113 1915 2359 1995 placere
2407 1913 2579 1994 quic-

271 2020 429 2103 quid
488 2039 603 2084 nos
660 2021 1063 2084 fecerimus?
1112 2059 1197 2066 —-
1247 2021 1357 2083 ‘ita
1412 2022 1618 2102 plane.
1685 2040 1830 2083 nam
1889 2021 2144 2085 illorum
2202 2019 2365 2083 filios
2424 2040 2578 2083 nun-

188 2152 235 2188 15
272 2127 498 2208 cupari
553 2146 814 2190 necesse
874 2131 1012 2191 est'.
1110 2130 1242 2191 erat
1297 2131 1510 2192 autem
1569 2127 1948 2191 Maximiano
2004 2126 2268 2198 (filius)
2331 2126 2579 2190 Maxen-
2636 2136 2672 2187 9

271 2233 430 2310 tius,
472 2234 666 2296 huius
705 2234 907 2315 ipsius
947 2234 1313 2297 Maximiani
1354 2253 1563 2316 gener,
1606 2234 1796 2297 homo
1834 2234 2225 2315 perniciosae
2265 2252 2337 2296 ac
2376 2235 2578 2296 malae

270 2339 535 2414 mentis,
587 2339 742 2402 adeo
801 2340 1112 2421 superbus
1172 2344 1235 2401 et
1292 2341 1649 2413 contumax,
1699 2343 1772 2401 ut
1828 2358 2028 2419 neque
2083 2341 2326 2420 patrem
2375 2358 2577 2419 neque

274 2466 573 2510 socerum
632 2445 861 2509 solitus
920 2446 1005 2509 sit
1062 2445 1337 2519 adorare,
1398 2448 1461 2508 et
1515 2444 1750 2508 idcirco
1808 2445 2064 2526 utrique
2116 2444 2367 2507 inuisus
2434 2446 2575 2510 fuit.

275 2554 656 2619 Constantio
707 2572 957 2634 quoque
1005 2553 1179 2617 filius
1226 2556 1360 2617 erat
1406 2551 1880 2627 Constantinus,
1932 2552 2375 2616 sanctissimus
2429 2552 2672 2615 adu-10

189 2661 525 2729 2016866118
595 2664 659 2723 et
721 2660 830 2722 illo
898 2660 1157 2742 fastigio
1227 2659 1666 2742 dignissimuS,
1736 2659 1844 2740 qui
1907 2659 2146 2741 insigni
2194 2661 2280 2742 et
2355 2659 2578 2721 decoro

272 2768 502 2831 habitu
571 2767 850 2848 corporis
919 2770 982 2830 et
1045 2766 1360 2829 industria
1423 2766 1684 2828 militari
1751 2769 1815 2829 et
1878 2767 2094 2847 probis
2158 2766 2442 2830 moribus
2518 2767 2582 2828 et

276 2875 583 2938 comitate
644 2874 951 2956 singulari
1009 2893 1043 2936 a
1099 2873 1414 2937 militibus
1475 2876 1810 2949 amaretur,
1870 2873 2225 2955 apriuatis
2284 2875 2348 2935 et
2403 2875 2580 2954 opta-

273 2985 471 3044 retur.
525 2982 784 3060 eratque
832 2984 983 3044 tunc
1032 2999 1330 3061 praesens
1378 2980 1505 3043 iam
1551 2979 1795 3062 pridem
1844 2999 1878 3042 a
1925 2980 2319 3043 Diocletiano
2371 2979 2578 3042 factus

273 3088 575 3151 tribunus
619 3086 853 3150 ordinis
882 3086 1090 3168 primi.
1115 3124 1200 3131 -
1223 3086 1395 3167 ‘quid
1426 3105 1574 3168 ergo
1606 3085 1778 3149 fiet?'
1802 3123 1886 3131 ——
1908 3086 2057 3149 ‘ille'
2086 3086 2306 3168 inquit·
2331 3086 2582 3168 ‘dignus
2607 3097 2672 3149 11

192 3225 236 3263 25
277 3215 397 3258 non
459 3197 579 3257 est.
652 3194 758 3274 qui
820 3194 983 3256 enim
1038 3214 1139 3256 me
1187 3194 1476 3275 priuatus
1527 3193 1928 3275 contempsit,
1980 3193 2131 3274 quid
2178 3193 2388 3264 faciet,
2438 3211 2582 3255 cum

275 3300 620 3382 imperium
680 3301 1059 3381 acceperit?
1108 3337 1191 3345 ——-
1243 3300 1365 3363 ‘hic
1425 3318 1575 3362 uero
1629 3302 1692 3362 et
1739 3300 2030 3363 amabilis
2080 3304 2177 3363 est
2226 3304 2288 3362 et
2332 3299 2424 3362 ita
2468 3299 2585 3361 im-

276 3410 640 3487 peraturuS,
682 3410 755 3470 ut
801 3410 978 3489 patre
1021 3426 1134 3470 suo
1176 3407 1401 3470 melior
1440 3409 1504 3469 et
1543 3406 1914 3469 clementior
1950 3391 2308 3469 iudicetur'.
2348 3443 2435 3450 —
2474 3407 2584 3467 ‘ita

355 3625 381 3675 1
444 3639 711 3675 summam
749 3623 883 3689 Bal,
921 3640 1127 3675 summa
1171 3622 1214 3675 Ο
1394 3623 1426 3675 2
1480 3621 1592 3673 sint
1629 3621 1762 3686 Bal,
1803 3623 1927 3672 sunt
1972 3618 2018 3672 C
2194 3619 2223 3670 3
2275 3622 2503 3686 quatuor
2542 3618 2586 3668 G

281 3740 316 3790 4
374 3738 566 3791 cedere
604 3739 873 3791 noluisset
909 3739 1043 3803 Bal,
1083 3737 1296 3791 credere
1342 3737 1650 3790 noluissent
1695 3736 1741 3789 0
1915 3738 1946 3788 5
2007 3734 2132 3786 XV-
2197 3733 2267 3800 C;
2304 3733 2583 3785 duodecim

282 3827 444 3881 Seeck
484 3828 584 3893 (cf.
627 3828 706 3879 ad
732 3845 792 3894 p.
834 3830 964 3893 190,
1006 3831 1108 3892 23)
1259 3828 1290 3879 6
1348 3825 1541 3895 quibus
1593 3825 1722 3877 add.
1780 3823 2041 3891 Cuperem,
2091 3839 2150 3875 ex
2198 3840 2301 3890 quo
2340 3823 2431 3875 uel
2468 3838 2584 3874 cum

280 3916 627 3981 Bokerellus‘,
665 3932 785 3968 cum
822 3917 939 3968 iam
976 3916 1055 3968 ed.
1104 3915 1277 3968 Oaeon.
1316 3908 1486 3980 1680,
1523 3914 1621 3967 sed
1649 3920 1777 3981 post
1812 3914 1868 3965 in
1906 3913 2119 3981 Illyrico
2162 3911 2291 3977 (sic)
2323 3910 2589 3978 positum,

284 4006 446 4057 aliter
462 4022 525 4072 p.
553 4008 687 4069 108,
707 4005 991 4058 Bentleius
1021 4005 1099 4057 ad
1125 4006 1180 4056 in
1205 4004 1548 4071 (LeNourry
1578 4020 1698 4056 cum
1716 4003 1835 4055 Bal
1864 3993 2171 4069 quindecim
2198 4000 2255 4052 in
2284 4000 2583 4067 Illyricum)

285 4095 508 4161 as‘w'pS.
552 4110 673 4146 cum
820 4094 1083 4162 religatus
1130 4094 1187 4158 C,
1227 4110 1362 4146 corr.
1402 4093 1522 4145 Bal
1633 4092 1664 4145 8
1707 4097 1762 4143 et
1799 4107 1901 4145 om.
1941 4090 2059 4142 Bal
2180 4090 2245 4141 12
2285 4087 2415 4155 quid
2452 4088 2591 4153 Bal,

289 4182 431 4249 quod
477 4182 524 4236 C
708 4184 772 4235 13
814 4183 1059 4251 quicquit
1103 4183 1147 4236 C
1330 4183 1395 4234 14
1432 4199 1528 4234 nos
1568 4199 1634 4235 ex
1670 4198 1736 4234 ne
1783 4180 1827 4233 C
2008 4183 2071 4233 15
2119 4178 2261 4231 filius
2303 4177 2432 4229 add.
2471 4178 2588 4230 Bae

289 4271 354 4322 16
407 4272 549 4324 male
592 4272 677 4324 bis
721 4271 768 4323 0
911 4272 975 4324 19
1035 4270 1356 4324 Constantio
1395 4271 1530 4336 Bal,
1572 4269 1924 4324 Constantius
1969 4270 2014 4322 C
2191 4266 2500 4319 adolescens
2546 4265 2594 4317 C

289 4359 355 4412 ‘20
393 4359 586 4414 decore
627 4360 780 4412 abitu
825 4359 883 4424 C,
922 4376 1057 4412 corr.
1099 4359 1216 4412 Bal
1324 4360 1393 4412 22
1433 4366 1489 4412 et
1528 4358 1828 4427 optaretur]
1872 4361 2216 4425 exoptaretur
2258 4354 2401 4407 Gale
