3132 5043
417 828 443 879 1

420 2142 446 2175 f.
462 2141 507 2173 Gn

523 419 649 480 192
1065 416 1162 468 De
1218 416 1609 468 mortibus
1667 420 2267 485 persecutorum

523 609 779 674 demens
838 611 1005 674 enim
1059 612 1268 674 factus
1332 616 1450 689 est,
1506 612 1599 675 ita
1654 616 1728 675 ut
1785 612 1972 675 certis
2029 612 2201 676 horis
2250 612 2571 689 insaniret,
2622 611 2810 675 certis

518 718 940 800 resipisceret.

615 825 716 888 18.
809 825 942 888 Nec
1000 825 1222 888 multis
1277 830 1425 908 post
1480 826 1705 889 diebus
1757 824 1985 890 Caesar
2039 825 2315 899 aduenit,
2363 844 2484 888 non
2536 828 2606 887 ut
2651 824 2813 905 patri

524 932 967 1014 gratularetur,
1020 933 1129 997 sed
1185 936 1259 996 ut
1316 952 1457 996 eum
1511 936 1767 1016 cogeret
1811 933 2076 1014 imperio
2127 932 2366 995 cedere.
2431 932 2558 995 iam
2606 930 2814 994 confli-

522 1042 696 1101 xerat
741 1059 939 1121 nuper
985 1051 1229 1111 (cum)
1282 1040 1661 1103 Maximiano
1712 1060 1859 1103 sene
1908 1059 2180 1120 eumque
2230 1041 2540 1101 terruerat
2584 1038 2811 1100 iniecto
2870 1073 2893 1111 5

524 1166 836 1210 armorum
904 1146 1193 1210 ciuilium
1258 1151 1454 1209 metu.
1559 1166 1900 1230 aggressus
1969 1150 2069 1210 est
2133 1165 2279 1229 ergo
2349 1144 2815 1209 Diocletianum

522 1252 796 1335 primum
845 1253 1123 1317 molliter
1169 1256 1233 1316 et
1279 1254 1497 1331 amice,
1546 1253 1672 1316 iam
1724 1273 1937 1317 senem
1986 1273 2124 1317 esse
2165 1254 2402 1327 dicens,
2442 1253 2567 1315 iam
2606 1252 2813 1314 minus

524 1360 809 1423 ualidum
842 1363 905 1423 et
933 1359 1467 1423 administrandae
1506 1362 1596 1424 rei
1627 1360 1917 1442 publicae
1954 1360 2327 1423 inhabilem:
2370 1360 2593 1423 debere
2631 1359 2813 1421 illum

522 1467 915 1547 requiescere
970 1469 1120 1548 post
1172 1467 1443 1530 labores,
1510 1468 1703 1531 simul
1762 1471 1826 1530 et
1883 1467 2238 1549 exemplum
2304 1467 2551 1529 Neruae
2615 1465 2816 1547 profe-

523 1575 721 1649 rebat,
773 1573 881 1655 qui
935 1573 1273 1655 imperium
1329 1574 1593 1637 Traiano
1651 1574 2042 1638 tradidisset.
2136 1574 2244 1636 ille
2300 1592 2448 1636 uero
2499 1572 2709 1636 aiebat
2756 1574 2818 1634 et
2855 1609 2908 1647 10.

525 1681 820 1745 indecens
878 1700 1039 1755 esse,
1090 1681 1144 1743 si
1200 1683 1347 1761 post
1400 1683 1641 1743 tantam
1704 1681 1999 1744 sublimis
2056 1680 2297 1764 fastigii
2354 1680 2705 1744 claritatem
2755 1679 2817 1740 in

524 1788 787 1850 humilis
844 1787 1015 1850 uitae
1072 1788 1363 1850 tenebras
1421 1786 1784 1863 decidisset,
1845 1791 1908 1850 et
1962 1788 2171 1850 minus
2228 1790 2463 1864 tutum,
2521 1785 2689 1867 quod
2755 1785 2813 1847 in

526 1897 657 1958 tam
711 1894 902 1976 longo
959 1893 1221 1975 imperio
1279 1896 1628 1958 multorum
1686 1894 1809 1958 sibi
1868 1894 2010 1958 odia
2058 1894 2446 1975 quaesisset;
2540 1892 2813 1956 Neruam

525 2020 675 2064 uero
732 2019 858 2063 uno
919 2020 1076 2064 anno
1134 2000 1569 2082 imperantem,
1620 2020 1764 2064 cum
1822 2001 2071 2083 pondus
2128 2004 2193 2063 et
2239 2020 2452 2064 curam
2501 2002 2817 2062 tantarum

525 2126 734 2170 rerum
799 2107 906 2169 uel
971 2110 1175 2169 aetate
1242 2107 1345 2169 uel
1412 2108 1748 2171 insolentia
1804 2108 1961 2171 ferre
2019 2127 2139 2171 non
2207 2108 2433 2189 quiret,
2493 2102 2817 2189 abliecisse
2855 2142 2900 2179 15

528 2214 1029 2297 gubernaculum
1088 2213 1175 2277 rei
1229 2214 1522 2295 publicae
1581 2217 1770 2295 atque
1820 2215 1896 2277 ad
1943 2215 2258 2297 priuatam
2307 2214 2507 2276 uitam
2556 2212 2818 2287 redisse,

524 2321 589 2383 in
639 2340 761 2402 qua
810 2323 1241 2383 consenuerat.
1291 2340 1516 2384 uerum
1564 2321 1619 2384 si
1666 2340 1890 2385 nomen
1938 2321 2337 2403 imperatoris
2386 2322 2648 2402 cuperet
2693 2319 2820 2382 adi-

525 2427 710 2508 pisci,
757 2427 1208 2508 impedimento
1266 2427 1423 2490 nihil
1480 2447 1619 2491 esse
1678 2428 2013 2510 quominus
2073 2447 2288 2492 omnes
2335 2427 2613 2510 Augusti
2667 2446 2819 2488 nun-

530 2540 928 2617 cuparentur.
1023 2540 1088 2599 at
1133 2537 1263 2613 ille,
1314 2536 1420 2617 qui
1472 2537 1689 2599 orbem
1727 2539 1937 2599 totum
1975 2537 2101 2599 iam
2142 2556 2252 2618 spe
2291 2537 2629 2610 inuaserat,
2671 2553 2819 2614 quo-

528 2642 697 2705 niam
746 2641 870 2706 sibi
916 2645 1029 2705 aut
1072 2642 1231 2705 nihil
1276 2646 1526 2723 praeter
1572 2662 1798 2706 nomen
1846 2647 1957 2706 aut
1993 2655 2206 2714 <nou>
2247 2645 2520 2706 multum
2562 2640 2821 2703 uidebat
2855 2677 2902 2715 20

530 2749 846 2824 accedere,
896 2749 1223 2830 respondit
1270 2749 1493 2812 debere
1539 2749 1744 2830 ipsius
1802 2750 2286 2830 dispositionem
2333 2749 2394 2812 in
2440 2752 2816 2830 perpetuum

527 2924 700 2974 morte
740 2922 895 2989 quasi
931 2923 1313 2987 Buenemann,
1350 2922 1446 2974 sed
1492 2922 1560 2988 cf.
1612 2924 1772 2975 Lact.
1820 2924 1885 2976 de
1922 2940 2005 2992 op.
2047 2927 2133 2990 18,
2176 2928 2211 2976 3
2251 2923 2393 2992 quod
2431 2924 2610 2976 anima
2645 2927 2818 2976 morte

530 3011 790 3078 sopiatur,
827 3009 866 3080 5
904 3013 943 3061 8
978 3013 1239 3079 perpetua
1275 3015 1448 3062 morte
1488 3012 1652 3080 sopiri

601 3101 632 3152 2
679 3099 1110 3166 resipisceresscur
1158 3105 1216 3164 (n
1269 3102 1370 3165 er.)
1417 3099 1475 3164 C,
1514 3115 1652 3152 corr.
1692 3101 1811 3153 Bal
2023 3104 2057 3154 4
2105 3101 2496 3170 gratularefftur
2534 3105 2594 3167 (n
2635 3105 2734 3168 er.)
2780 3101 2825 3154 G

526 3188 752 3257 imperio
797 3189 932 3253 Bal,
979 3188 1258 3256 imperium
1308 3189 1363 3249 (ἶ,
1411 3191 1481 3255 cf.
1530 3189 1745 3255 Proleq.
1806 3190 1938 3242 adn.
2003 3193 2039 3242 6
2273 3189 2458 3244 cedere
2515 3190 2649 3255 Bal,
2708 3207 2817 3242 cre-

530 3276 655 3330 dere
701 3277 747 3330 C
869 3281 900 3332 5
941 3294 1057 3330 cum
1101 3277 1231 3330 add.
1276 3261 1524 3345 Cuperus
1652 3279 1716 3331 10
1756 3281 1811 3329 et
1856 3278 2166 3344 Columbzc3‚
2207 3278 2254 3330 ci
2300 3277 2345 3330 C
2417 3314 2425 3321 -
2497 3279 2561 3330 13
2603 3295 2643 3329 s.
2684 3278 2818 3330 Ner-

530 3383 650 3418 uam
688 3371 739 3418 et
773 3366 1129 3434 imperantem
1174 3366 1483 3432 ColumbuS,
1522 3366 1706 3421 Nerua
1744 3373 1793 3420 et
1829 3368 2127 3435 imperante
2160 3367 2228 3432 C;
2266 3367 2333 3433 cf.
2363 3367 2578 3434 Proley.
2620 3366 2752 3418 adn.
2788 3368 2821 3417 6

534 3455 597 3508 15
636 3454 950 3506 insollentia
993 3454 1039 3507 C
1252 3458 1500 3522 quereret
1527 3464 1684 3523 part.
1723 3473 1764 3509 s.
1803 3456 1835 3509 l.
1875 3457 1938 3508 in
1988 3457 2166 3524 quiret
2214 3471 2351 3508 corr.
2400 3455 2443 3505 (1
2627 3455 2691 3508 18
2732 3454 2820 3522 qui

528 3543 705 3595 minus
761 3543 819 3608 C,
868 3559 1005 3596 corr.
1042 3544 1161 3595 Bal
1346 3545 1410 3596 19
1458 3561 1552 3612 spe
1599 3544 1911 3609 Columba-9,
1948 3544 2063 3613 ipse
2109 3543 2155 3596 C
2197 3544 2473 3596 inuaserat
2519 3543 2599 3596 ed.
2648 3543 2818 3595 Oaton.

530 3634 687 3683 1680
725 3632 789 3683 in
826 3631 1119 3685 Emendat.
1151 3649 1213 3699 p.
1252 3636 1366 3684 108
1415 3635 1511 3699 (cf.
1553 3632 1785 3686 Sallust.
1825 3633 1947 3701 Iuy.
1990 3637 2086 3700 20,
2132 3637 2166 3686 6
2210 3636 2386 3684 totum
2437 3633 2551 3685 eius
2598 3648 2822 3700 regnum

531 3720 708 3773 animo
757 3721 865 3773 iam
910 3721 1232 3787 inuaserat),
1289 3723 1576 3774 inuenerat
1629 3722 1697 3787 0,·
1753 3721 2061 3774 inhiauerat
2105 3722 2223 3773 Bal
2270 3722 2367 3788 (cf.
2427 3737 2468 3774 c.
2515 3723 2567 3785 9,
2611 3724 2692 3787 5),
2739 3721 2819 3772 in-

531 3809 813 3861 uolauerat
849 3810 1043 3876 Halm,
1084 3809 1440 3862 deuorauerat
1476 3811 1705 3863 Brandt
1742 3812 1839 3877 (cf.
1882 3828 1975 3878 spe
2015 3810 2272 3863 deuorare
2317 3809 2424 3863 Cic.
2474 3809 2623 3862 Verr.
2663 3809 2706 3861 I
2741 3813 2822 3874 51,

529 3900 657 3950 135.
708 3915 765 3965 p.
813 3897 1023 3951 Flacco
1073 3902 1168 3965 24,
1222 3902 1313 3952 57.
1362 3900 1412 3952 d.
1454 3901 1612 3953 domo
1653 3904 1749 3966 23,
1792 3903 1883 3952 60.
1936 3900 2015 3952 ad
2048 3900 2214 3952 Attio.
2256 3900 2297 3951 I
2332 3903 2418 3964 16,
2456 3904 2544 3963 1(),·
2582 3898 2741 3964 insta
2780 3915 2820 3967 c.

533 3990 629 4051 26,
668 3991 707 4039 2
745 3987 926 4039 orbem
966 3986 1349 4054 deuorauerat)
1525 3989 1780 4057 quoniam
1817 3989 1996 4041 Halm
2024 4005 2082 4055 p.
2119 3991 2246 4053 165,
2286 3994 2366 4040 cm
2421 3987 2466 4040 C
2510 3988 2570 4053 (i.
2622 4003 2663 4039 e.
2717 3994 2822 4054 qm,

531 4081 592 4128 ut
640 4077 790 4141 uid.,·
836 4075 901 4128 de
950 4077 1052 4129 litt.
1107 4094 1133 4130 c
1180 4083 1228 4129 et
1277 4095 1309 4146 q
1356 4077 1418 4129 in
1471 4078 1516 4131 C
1557 4078 1788 4130 mutatis
1826 4078 1893 4143 ef.
1938 4078 2015 4129 ad
2040 4094 2101 4144 p.
2147 4080 2273 4142 189,
2315 4080 2379 4140 3,·
2417 4093 2534 4128 cum
2575 4077 2635 4127 in
2679 4076 2724 4128 C
2761 4084 2821 4128 cu

530 4165 698 4218 scribi
724 4165 917 4231 solet);
955 4181 1072 4218 cum
1103 4166 1236 4232 Bal,
1255 4175 1385 4233 post
1413 4168 1560 4234 quod
1586 4168 1711 4219 inde
1745 4168 1903 4219 addit
1912 4187 1931 4232 ;
1960 4167 2037 4218 ad
2066 4164 2482 4218 cum—uidebat
2512 4165 2579 4230 cf.
2603 4182 2663 4232 p.
2695 4168 2823 4229 183,

532 4257 562 4304 1
598 4269 639 4307 s,
761 4255 828 4306 20
866 4271 970 4306 non
1013 4255 1143 4307 add.
1184 4256 1263 4308 ed.
1313 4257 1483 4310 Oxou.
1525 4259 1696 4319 1680,
1737 4256 1901 4308 etiam
1941 4256 2226 4307 Bentleius
2262 4254 2369 4321 leg.
2410 4257 2503 4305 aut
2541 4270 2646 4306 non
2684 4253 2823 4304 mul-

531 4344 647 4393 tum
688 4343 913 4410 ascripS.
