3132 5043
1228 457 1439 510 liber
1487 474 1530 512 c.
1571 458 1657 512 29.
1697 457 1781 511 30.
2521 460 2647 524 207

344 653 508 735 quid
557 653 682 718 sibi
727 653 1064 729 uoluisset,
1107 653 1260 735 quid
1308 654 1364 717 ei
1414 652 1744 729 defuisset,
1787 672 1898 716 cur
1943 653 2177 717 faceret
2224 651 2392 734 quod
2438 653 2650 734 ipsum

340 761 688 843 praecipue
735 780 856 825 non
907 760 1177 824 deceret.
1226 758 1335 823 ille
1383 778 1535 823 uero
1575 758 1903 842 ingerebat
1938 758 2280 822 maledicta
2317 758 2390 822 de
2429 758 2650 822 muris.

340 870 490 931 tum
539 867 754 932 subito
806 886 841 931 a
886 870 1065 950 tergo
1116 867 1252 930 eius
1292 868 1508 948 portae
1546 868 1925 943 reserantur,
1966 865 2202 929 milites
2241 865 2649 946 recipiuntur.
2706 871 2739 924 8

342 975 692 1038 attrahitur
756 974 835 1037 ad
899 974 1346 1056 imperatorem
1411 973 1666 1037 rebellis
1730 973 2091 1055 imperator,
2152 976 2334 1054 pater
2393 972 2649 1054 impiUS‚

270 1103 300 1142 5
342 1100 530 1145 socer
575 1080 872 1164 perfidus
926 1081 1105 1145 audit
1153 1082 1396 1145 scelera
1444 1099 1605 1162 quae
1644 1079 1815 1158 fecit,
1857 1079 2211 1143 detrahitur
2248 1079 2305 1143 ei
2343 1080 2545 1145 uestis
2588 1083 2651 1142 et
2753 1150 2766 1163 .

340 1187 659 1269 increpito
707 1187 844 1251 uita
893 1187 1179 1252 donatur.

436 1296 544 1359 30.
643 1294 746 1359 Sic
812 1294 1047 1358 amisso
1114 1294 1514 1377 imperatoris
1576 1313 1646 1358 ac
1705 1293 1909 1358 soceri
1965 1294 2200 1357 honore
2264 1293 2648 1357 humilitatis
2711 1299 2734 1351 1

335 1400 685 1484 impatiens
753 1400 908 1464 alias
974 1421 1196 1465 rursus
1262 1401 1527 1465 insidias
1595 1400 1994 1464 machinatus
2062 1402 2178 1477 est,
2241 1399 2388 1481 quia
2454 1399 2649 1463 semel

335 1508 574 1573 habuit
628 1508 881 1590 inpune.
977 1510 1170 1572 uocat
1225 1508 1422 1572 filiam
1473 1507 1774 1572 Faustam
1833 1525 2095 1589 eamque
2143 1525 2310 1569 nunc
2355 1506 2648 1588 precibus
2704 1514 2737 1566 2

240 1637 294 1676 ιο
334 1633 511 1678 nunc
567 1615 1015 1680 blandimentis
1076 1615 1384 1679 sollicitat
1440 1615 1519 1679 ad
1564 1615 1987 1697 proditionem
2033 1613 2266 1690 mariti,
2317 1613 2512 1676 alium
2561 1614 2648 1677 di—

334 1721 627 1806 gniorem
675 1722 887 1786 uirum
932 1722 1300 1803 pollicetur:
1349 1722 1531 1803 petit,
1584 1721 1952 1785 cubiculum
2000 1722 2221 1802 patens
2268 1719 2540 1802 relinqui
2587 1731 2649 1790 et

331 1827 787 1911 neglegentius
838 1828 1144 1892 custodiri
1195 1828 1382 1894 sinat.
1476 1828 1814 1910 pollicetur
1859 1828 1972 1891 illa
2007 1826 2317 1891 facturam
2359 1828 2422 1890 et
2457 1826 2649 1895 refert
2705 1834 2736 1887 3

329 1935 631 2014 protinus
671 1934 747 1998 ad
785 1935 1107 1999 maritum.
1158 1934 1563 2016 componitur
1602 1953 1828 1998 scaena
1866 1953 1989 2016 qua
2025 1932 2362 1997 manifesto
2400 1932 2645 1997 facinus

329 2044 684 2105 teneretur.
754 2042 1138 2124 supponitur
1185 2041 1442 2123 quidam
1488 2040 1638 2105 uilis
1689 2040 2020 2104 eunuchus
2070 2039 2179 2121 qui
2226 2058 2335 2120 pro
2383 2040 2647 2121 impera-

233 2173 287 2211 15
342 2153 486 2211 tore
540 2148 865 2214 moriatur.
960 2149 1169 2232 surgit
1220 2148 1331 2212 ille
1386 2150 1572 2212 nocte
1620 2148 2023 2230 intempesta,
2073 2146 2253 2210 uidet
2302 2146 2513 2210 omnia
2555 2145 2647 2208 in·
2703 2156 2737 2207 4

331 2254 523 2320 sidiis
572 2258 942 2337 opportuna.
991 2255 1115 2319 rari
1164 2254 1557 2319 excubitores
1609 2256 1784 2319 erant
1841 2256 1905 2317 et
1950 2253 1998 2316 ii
2047 2253 2303 2335 quidem
2357 2253 2643 2337 longius:

329 2362 573 2444 quibus
641 2363 851 2426 tamen
919 2362 1075 2426 dicit
1138 2361 1381 2426 uidisse
1440 2361 1759 2426 somnium
1817 2361 1985 2441 quod
2042 2359 2173 2424 filio
2233 2379 2349 2423 suo
2397 2378 2646 2423 narrare

330 2469 561 2535 uellet.
600 2469 955 2553 ingreditur
993 2472 1272 2535 armatus
1314 2472 1377 2534 et
1415 2469 1691 2552 spadone
1733 2469 2104 2533 obtruncato
2137 2467 2389 2551 prosilit
2421 2467 2646 2551 gloria-

329 2576 596 2641 bundus
663 2595 733 2641 ac
798 2577 1132 2659 profitetur
1197 2576 1350 2658 quid
1415 2576 1765 2640 admiserit.
1860 2579 2113 2657 repente
2180 2594 2246 2639 se
2315 2594 2386 2638 ex
2451 2577 2648 2639 altera
2703 2584 2734 2637 5

232 2707 297 2750 20
328 2685 518 2764 parte
569 2682 1022 2748 Constantinus
1084 2683 1365 2747 ostendit
1421 2702 1569 2746 cum
1618 2683 1810 2766 globo
1860 2684 2265 2746 armatorum.
2332 2681 2651 2763 profertur

334 2810 369 2853 e
433 2790 732 2860 cubiculo
794 2790 1063 2854 cadauer
1120 2790 1344 2854 occisi:
1402 2790 1623 2854 haeret
1678 2789 2151 2853 manifestarius
2210 2787 2530 2852 homicida
2586 2791 2648 2851 et

334 2898 565 2960 mutus
617 2899 856 2978 stupet,
907 2896 1088 2978 quasi

627 3002 825 3066 dura
886 3003 1095 3067 silex
1158 3005 1295 3068 aut
1356 3007 1526 3068 stet
1580 3004 1988 3085 Marpesia
2051 3005 2367 3067 cautes:

333 3108 696 3192 impietatis
762 3129 832 3173 ac
892 3110 1150 3174 sceleris
1206 3110 1585 3193 increpatur.
1653 3115 1973 3193 postremo
2026 3110 2210 3174 datur
2258 3109 2315 3172 ei
2361 3111 2645 3190 potestas

235 3241 293 3281 25
334 3215 580 3279 liberae
628 3216 874 3293 mortiS‚

524 3528 726 3582 LOCI
756 3529 1220 3584 AVCTORVM
1251 3529 1860 3585 EXPILATORVM
1894 3529 2238 3584 SIMILES
2340 3532 2408 3584 23
2441 3529 2641 3599 Vergil.

336 3618 478 3671 Aen.
520 3617 599 3669 VI
635 3619 758 3671 471.

420 3794 443 3846 1
490 3793 622 3862 quid
664 3795 821 3859 (ante
858 3794 933 3860 ei)
972 3794 1106 3861 Bal,
1145 3794 1289 3862 quod
1335 3793 1380 3846 Ο
1484 3795 1516 3848 3
1555 3797 1712 3862 terga.
1757 3794 1815 3861 0,
1854 3810 1993 3848 corr.
2031 3795 2150 3848 Bal
2293 3799 2643 3863 reseffantur,

338 3882 448 3935 litt.
489 3883 709 3935 incerta
747 3899 839 3948 er„
876 3882 1044 3936 etiam
1081 3900 1107 3935 r
1143 3883 1205 3935 in
1240 3899 1374 3949 ras,
1419 3884 1465 3937 C
1605 3884 1640 3936 4
1680 3883 1746 3935 ad
1784 3884 2022 3936 trahitur
2064 3884 2110 3937 0
2259 3885 2291 3937 9
2332 3885 2471 3938 abiit
2509 3886 2643 3952 Bal,

336 3970 539 4024 habuit
569 3971 855 4024 Bentleius
885 3974 978 4037 (ex
1012 3970 1080 4040 C)
1113 3971 1338 4039 ascrips.
1443 3972 1507 4025 13
1539 3972 1826 4040 coponitur
1860 3971 1904 4024 C
2045 3973 2243 4026 schena
2277 3973 2323 4026 Ο
2422 3974 2487 4027 14
2515 3975 2641 4028 sub-

338 4060 568 4163 ponitpr
629 4060 678 4113 0
889 4077 1125 4113 eunucus
1188 4060 1233 4113 C
1412 4063 1476 4114 15
1532 4061 1880 4129 imtempesta
1933 4061 1979 4114 0
2157 4063 2221 4116 16
2281 4066 2546 4132 oportuna
2601 4064 2646 4117 C

339 4193 405 4229 ex
409 4199 588 4226 ÷÷÷÷÷÷
590 4177 736 4228 tores
774 4175 820 4227 0
958 4176 1037 4228 hii
1072 4175 1118 4229 0
1225 4177 1290 4229 17
1327 4176 1529 4229 uidisse
1558 4177 1678 4229 <se>
1705 4193 2015 4246 anonymus
2041 4194 2102 4245 ρ.
2141 4180 2214 4231 53
2327 4179 2391 4232 18
2430 4181 2644 4248 prosilit

350 4264 588 4330 Tollius,
627 4264 866 4333 prosiliit
906 4264 954 4318 0
1123 4265 1188 4317 19
1228 4265 1358 4334 quid
1397 4264 1678 4318 admiserit
1718 4266 1831 4332 (uel
1869 4266 2013 4335 quod
2051 4267 2367 4335 admiserat)
2411 4268 2644 4336 Tollius,

341 4379 493 4449 quod
533 4379 817 4434 admiserit
861 4380 907 4434 G
1011 4381 1080 4434 23
1120 4346 1276 4433 silg*
1320 4379 1368 4434 O
1508 4382 1681 4434 cautis
1727 4381 1786 4447 C,
1825 4398 1851 4435 e
1897 4382 2133 4452 VeriniO
2172 4399 2307 4437 corr.
2349 4385 2643 4438 Columbus
