3132 5043
110 38 752 386 s

461 440 588 500 322

1513 436 1752 488 Index

455 626 766 679 Leucothea
803 626 831 678 Ι
868 626 953 688 82,
998 627 1077 679 19.
1628 627 1855 680 'Libera
1893 628 1920 680 Ι
1959 630 2044 689 35,
2089 629 2168 682 12.

457 715 567 766 lex:
615 715 765 781 leges
813 715 840 767 Ι
886 717 1007 778 422,
1048 717 1133 771 23.
1171 716 1228 768 II
1265 717 1350 777 82,
1392 718 1439 769 9.
1488 718 1603 773 111.
1660 715 1831 769 libido
1885 717 2015 785 quid
2068 718 2140 770 sit
2192 718 2219 771 Ι
2269 719 2390 779 554,
2449 720 2499 770 2.
2554 718 2675 781 738,
2734 718 2813 771 11.
2918 724 2925 730 ’

526 807 574 856 5.
636 805 753 863 113,
814 805 895 858 15.
959 806 1076 865 114,
1134 807 1219 858 22.
1279 806 1528 873 publicae
1581 806 1608 858 Ι

527 895 647 956 567,
697 894 782 948 22.
832 894 888 947 ΙΙ
943 895 1057 955 120,
1102 895 1184 947 17.
1226 894 1333 962 [lex
1370 893 1544 963 Papia
1580 895 1607 947 Ι

525 984 609 1044 62,
632 983 740 1051 20.]
773 982 986 1051 Moyses
1017 987 1071 1035 et
1101 983 1396 1052 prophetae
1426 983 1606 1051 legem

527 1087 661 1139 quae
690 1070 906 1123 Iudaeis
939 1071 1067 1124 data
1107 1076 1189 1125 est
1218 1076 1603 1124 testamentum

524 1164 723 1213 uocant
760 1160 785 1212 I
825 1160 945 1223 364,
986 1162 1036 1215 9.
1076 1161 1160 1213 lex
1200 1160 1284 1212 dei
1325 1177 1418 1229 per
1454 1160 1605 1228 Moy-

524 1266 615 1301 sen
657 1249 783 1302 data
823 1248 1273 1316 quemadmodum
1312 1266 1407 1317 per
1446 1248 1601 1302 Chri-

526 1342 669 1390 stum
727 1339 907 1390 soluta
964 1338 1037 1389 sit
1075 1337 1102 1390 Ι
1139 1338 1259 1397 343,
1301 1341 1332 1391 5
1373 1354 1442 1390 ss,
1485 1338 1605 1394 717,

1733 804 1976 858 libidinis
2026 806 2270 858 adfectus
2320 807 2374 859 in
2415 808 2589 873 iecore
2626 807 2655 859 I
2692 809 2814 870 537,

1731 894 1780 946 4.
1832 911 1923 946 cur
1978 895 2185 946 homini
2243 894 2373 947 data
2429 896 2503 948 sit
2539 896 2566 948 Ι
2605 897 2727 960 554,
2769 897 2814 948 7.

1733 984 1854 1043 555,
1908 983 1988 1037 10.
2038 986 2161 1047 565,
2210 983 2259 1036 2.
2310 985 2431 1047 739,
2482 986 2563 1038 16.
2606 986 2727 1048 740,
2766 987 2813 1037 6.

1731 1071 1788 1124 ΙΙ
1842 1073 1959 1135 107,
2016 1074 2096 1125 17.
2154 1073 2272 1134 116,
2327 1072 2407 1126 18.
2463 1073 2575 1125 eius
2628 1074 2711 1125 uis
2763 1076 2817 1125 et

1734 1160 2041 1213 obscenitas
2096 1162 2124 1214 I
2168 1162 2291 1228 422,
2334 1163 2365 1215 9
2414 1179 2486 1217 ss,
2542 1164 2662 1223 565,
2711 1164 2814 1215 4-

1734 1250 1854 1309 570,
1895 1251 1943 1305 8.
2000 1250 2255 1303 libidines
2311 1251 2549 1303 incestae
2606 1249 2634 1302 I
2690 1251 2815 1311 427,

1734 1340 1926 1392 6-15.

525 1429 609 1481 26.
662 1427 727 1479 ab
778 1443 839 1478 eo
891 1427 1114 1495 impleta
1152 1426 1178 1478 I
1218 1428 1336 1483 717,
1388 1427 1473 1479 28.
1522 1427 1607 1478 lex
1663 1425 1908 1495 [Libyssa
1947 1427 2156 1496 Sibylla
2192 1429 2217 1481 Ι
2257 1429 2343 1491 21,
2385 1430 2433 1481 5.
2475 1429 2594 1490 679,
2635 1428 2744 1496 24.]

525 1516 653 1567 uiua
707 1531 1071 1584 praesensque
1129 1515 1375 1568 Christus
1413 1516 1440 1567 Ι
1478 1516 1605 1572 345.
1661 1515 1931 1568 Liciniani
1967 1516 2022 1569 Π
2059 1517 2116 1568 Μ
2154 1518 2274 1579 227,
2319 1518 2398 1570 18.
2440 1518 2524 1570 20.

526 1604 576 1657 8.
626 1604 711 1656 lex
760 1603 845 1655 dei
882 1604 909 1656 I
948 1604 1069 1663 508,
1111 1607 1142 1658 5
1183 1621 1251 1656 ss.
1303 1605 1421 1666 737,
1465 1607 1493 1658 7
1534 1622 1603 1657 sS.
1661 1604 1901 1657 Licinius
1943 1605 2143 1657 amicus
2199 1605 2510 1658 Maximiani
2560 1604 2813 1671 (Galerii)

527 1693 639 1744 eius
678 1693 909 1761 primum
950 1695 1112 1761 caput
1152 1692 1281 1760 quid
1321 1694 1393 1745 sit
1429 1693 1456 1745 I
1484 1695 1603 1755 509,

530 1782 788 1844 18-514,
834 1783 896 1834 10
938 1784 1027 1844 (=
1069 1782 1187 1839 735,
1232 1783 1482 1847 11—16).
1522 1799 1604 1834 se·

526 1870 943 1931 cundumI-514‚
984 1870 1209 1939 6÷555‚
1254 1872 1320 1923 14
1362 1874 1452 1934 (=
1483 1872 1602 1934 735,

528 1959 787 2021 17-738,
841 1959 913 2027 6).
967 1990 1032 1996 -
1086 1959 1113 2011 Ι
1163 1961 1283 2023 422,
1337 1961 1421 2013 23.
1481 1962 1601 2022 576,

529 2047 758 2105 8-577,
802 2048 882 2099 10.
923 2048 993 2098 sit
1032 2064 1192 2115 supra
1230 2066 1412 2101 omnes
1452 2049 1603 2117 leges

527 2137 618 2203 qui
656 2136 832 2204 legem
871 2135 956 2187 dei
1005 2138 1251 2205 sequitur
1288 2136 1313 2188 I
1352 2139 1473 2195 567.
1516 2140 1598 2191 23.

525 2242 686 2294 supra
724 2226 873 2292 leges
913 2223 1001 2277 dei
1048 2225 1131 2277 lex
1170 2229 1253 2277 est
1290 2225 1313 2277 I
1356 2227 1473 2285 744,
1520 2227 1599 2279 16.

521 2315 605 2366 lex
663 2313 847 2366 diuina
904 2314 959 2366 ΙΙ
1021 2315 1135 2376 110,
1198 2315 1278 2366 19.
1340 2315 1457 2372 111.
1518 2316 1598 2367 12.

524 2402 642 2464 118,
687 2403 948 2464 16-119,
994 2404 1073 2457 12.
1115 2428 1182 2447 =
1221 2403 1413 2471 reliyio
1459 2403 1600 2456 chri·

517 2492 709 2545 stiana
748 2491 775 2544 Ι
831 2493 952 2556 440,
1011 2494 1059 2545 2.
1119 2492 1461 2545 sanctissima
1517 2493 1601 2546 lex

516 2581 573 2634 11
614 2582 733 2644 118,
777 2584 858 2635 16.

449 2669 610 2723 liber:
648 2686 735 2722 res
774 2670 1010 2722 libraria
1042 2670 1069 2722 1
1099 2673 1149 2730 5,
1181 2672 1227 2723 7.
1268 2671 1354 2732 94,
1395 2672 1442 2724 6.
1475 2671 1598 2733 555,

523 2761 605 2811 16.
645 2760 767 2820 675,
812 2759 890 2810 10.

444 2847 610 2900 Liber
660 2847 820 2899 homo
875 2847 979 2898 fuit
1031 2847 1058 2898 Ι
1111 2847 1197 2908 29,
1254 2849 1334 2901 19.
1378 2849 1485 2916 [56,
1523 2849 1596 2919 4.]

517 2937 601 2999 57,
665 2938 746 2989 10.
806 2937 913 3002 159,
976 2935 1078 3003 16.]
1136 2937 1221 2998 60,
1282 2940 1328 2989 5.
1381 2936 1595 3005 quando

516 3026 682 3078 fuerit
710 3025 736 3076 Ι
761 3026 876 3086 161,
909 3026 958 3077 2.
987 3025 1046 3075 in
1079 3024 1404 3078 Cithaerone
1434 3030 1596 3079 natus

514 3115 540 3167 I
580 3115 665 3177 90,
721 3114 801 3168 17.
860 3113 1008 3166 Iouis
1064 3113 1207 3166 filius
1265 3114 1292 3166 I
1350 3116 1469 3177 653,
1514 3117 1593 3168 12.

514 3219 792 3256 munerum
841 3202 1019 3270 gratia
1058 3201 1189 3255 deus
1228 3202 1405 3256 factus
1445 3205 1471 3256 I
1509 3206 1593 3264 67,

518 3294 598 3344 15.
640 3292 724 3355 70,
763 3293 812 3344 3.
871 3308 977 3345 non
1036 3295 1120 3345 est
1174 3293 1360 3343 auctor
1416 3293 1531 3344 uini
1569 3292 1595 3343 I

518 3381 635 3444 161,
671 3382 714 3433 1.
755 3385 910 3450 pater
948 3385 1176 3434 uocatur
1203 3382 1230 3434 1
1259 3382 1380 3443 280,
1413 3384 1460 3434 2.
1496 3382 1591 3450 [6.]

512 3474 729 3539 praeter
754 3470 941 3523 Iouem
975 3470 1121 3521 solus
1145 3470 1384 3522 omnium
1406 3470 1593 3522 trium-

510 3560 706 3627 phauit
740 3559 768 3611 Ι
806 3560 891 3622 35,
933 3562 981 3613 5.
1024 3558 1187 3612 Indos
1228 3558 1531 3612 debellauit
1566 3557 1594 3609 Ι

512 3649 687 3718 35.,6.
725 3648 846 3708 682,
892 3649 973 3700 11.
1016 3649 1083 3701 ab
1134 3665 1312 3701 amore
1363 3666 1424 3701 ac
1461 3649 1589 3702 libi-

512 3737 635 3788 dine
675 3738 984 3807 turpissime
1024 3738 1203 3790 uictus
1246 3742 1329 3790 est
1365 3738 1392 3791 1
1424 3740 1508 3793 35.
1541 3740 1588 3791 7.

509 3824 674 3878 Liber
704 3830 758 3877 et
782 3827 1023 3880 Ariadna
1060 3827 1087 3879 Ι
1126 3828 1210 3888 35,
1253 3828 1299 3879 7.
1342 3828 1462 3888 682,
1506 3829 1587 3881 11.

513 3914 628 3966 eius
659 3914 925 3968 adulteria
953 3916 981 3969 I
1010 3917 1132 3979 432,
1165 3917 1249 3972 23.
1282 3916 1437 3968 aselli
1468 3933 1590 3969 eum

508 4005 658 4056 trans
713 4021 923 4058 amnem
980 4009 1239 4058 uexerunt
1292 4005 1321 4056 I
1376 4005 1461 4066 83,
1507 4006 1587 4058 18.

511 4093 624 4144 eius
672 4110 821 4146 sacra
880 4095 946 4147 ab
1006 4094 1220 4163 Orpheo
1273 4095 1495 4148 inducta
1532 4096 1586 4148 in

511 4181 737 4235 Graecia
774 4183 801 4235 1
840 4183 925 4242 90,
979 4185 1058 4236 16.
1108 4184 1360 4237 Liberum
1408 4186 1588 4238 Naxos

512 4270 679 4322 coluit
706 4270 733 4322 I
762 4272 844 4333 56,
872 4272 955 4324 20.
987 4271 1100 4324 ludi
1132 4273 1362 4325 scaenici
1391 4273 1585 4325 Libero

510 4359 1163 4422 attribut11561‚16.742,
1183 4363 1307 4413 1.—
1324 4361 1483 4425 1283,
1504 4363 1584 4414 14.
1612 4327 1617 4434 Ι

1729 1692 1783 1744 Π
1821 1692 1878 1744 Μ
1920 1693 2038 1754 196,
2073 1694 2117 1745 1.
2160 1710 2278 1745 eum
2311 1693 2593 1748 Caesarem
2637 1694 2814 1747 facere

1730 1780 2086 1834 Maximianus
2142 1783 2334 1846 noluit,
2393 1787 2456 1836 ut
2509 1786 2702 1852 postea
2758 1784 2813 1835 in

1732 1869 2039 1923 Constantii
2089 1871 2264 1923 locum
2318 1876 2658 1942 nuncuparet
2701 1872 2813 1926 Au—

1731 1962 1968 2025 gustum,
2023 1960 2155 2012 ibid.
2217 1961 2337 2023 196,
2377 1961 2534 2016 3-5.
2573 1956 2627 2014 9.
2669 1961 2813 2030 apud

1729 2048 2112 2101 Maximianum
2134 2047 2457 2115 (Galerium)
2480 2049 2810 2114 (Carnunti)

1729 2136 1949 2188 Diocles
1991 2142 2107 2190 erat
2146 2137 2211 2191 ab
2251 2138 2345 2191 illo
2378 2140 2600 2202 accitus,
2632 2143 2696 2191 ut
2723 2140 2811 2192 Li·
2869 2175 2873 2178 -

1730 2226 1869 2277 cinio
1908 2226 2190 2294 imperium
2219 2226 2372 2279 daret
2411 2228 2711 2281 substituto
2753 2230 2806 2280 in

1731 2313 1916 2365 Seueri
1970 2315 2174 2367 locum:
2235 2315 2380 2384 quod
2445 2316 2650 2370 factum
2709 2320 2809 2372 est.

1727 2401 1859 2454 ibid.
1912 2404 2032 2468 205,
2087 2404 2171 2457 23.
2225 2405 2347 2469 206,
2395 2405 2444 2458 3.
2498 2409 2809 2475 nuncupato

1725 2490 1934 2545 Licinio
1973 2492 2297 2562 imperatore
2335 2493 2658 2547 Maximinus
2703 2494 2811 2546 ira-

1726 2585 1830 2644 tus,
1850 2582 1984 2634 ibid.
2007 2584 2128 2646 209,
2153 2585 2235 2636 16.
2263 2583 2523 2637 aduersus
2541 2584 2808 2637 Licinium

1726 2672 2047 2724 Maximinus
2122 2673 2540 2726 aemulationem
2616 2672 2807 2730 habet,

1729 2762 1852 2829 quia
1890 2761 1983 2813 ille
2023 2779 2054 2813 a
2091 2761 2415 2815 Maximiano
2452 2760 2716 2828 (Galerio)
2760 2763 2808 2814 ei

1725 2849 2000 2919 praelatus
2067 2852 2198 2913 erat,
2263 2850 2397 2903 ibid.
2456 2852 2576 2912 222,
2636 2852 2716 2904 10.
2778 2869 2808 2903 a

1724 2939 2048 2996 Maximiano
2093 2938 2355 3006 (Galerio)
2398 2957 2514 2992 cum
2546 2942 2666 3009 ipso
2696 2941 2806 2993 Au·

1724 3032 1917 3097 gustus
1957 3029 2281 3097 appellatus,
2322 3028 2455 3081 ibid.
2495 3030 2615 3091 210,
2657 3030 2706 3082 2.
2754 3030 2804 3082 6.

1721 3117 2078 3170 Maximianus
2131 3116 2426 3183 (Galerius)
2481 3119 2714 3171 moriens
2756 3119 2808 3170 ei

1724 3207 2005 3274 coniugem
2074 3210 2128 3259 et
2201 3207 2370 3259 filium
2447 3207 2814 3278 commendat.

1721 3294 1853 3347 ibid.
1894 3295 2016 3358 214,
2057 3298 2107 3349 6.
2149 3298 2337 3348 contra
2364 3295 2634 3348 Licinium
2665 3295 2804 3350 Con-

1722 3385 2130 3452 stantinumque
2168 3385 2491 3437 Maximinus
2532 3401 2651 3437 cum
2687 3384 2805 3436 Ma-

1719 3473 1900 3525 xentio
1975 3473 2170 3525 foedus
2243 3473 2395 3534 facit,
2471 3471 2603 3525 ibid.
2681 3473 2802 3535 222,

1724 3562 1986 3624 10-223,
2011 3564 2057 3615 5.
2081 3561 2427 3616 Constantini
2454 3579 2604 3615 soror
2632 3561 2803 3632 (Uon-

1718 3652 1956 3717 stantia)
2001 3651 2049 3703 ei
2089 3650 2370 3719 desponsa,
2401 3649 2534 3703 ibid.
2566 3651 2687 3713 222,
2718 3651 2802 3703 12.

1717 3739 1958 3791 Licinius
1979 3739 2344 3792 Mediolanum
2369 3738 2540 3801 uenit,
2570 3742 2633 3791 ut
2662 3736 2802 3793 Con-

1718 3828 1946 3880 stantini
2002 3845 2237 3881 sororem
2292 3827 2347 3879 in
2400 3828 2801 3880 matrimonium

1717 3916 2001 3985 acciperet,
2049 3916 2179 3968 ibid.
2222 3918 2341 3979 225,
2384 3918 2431 3969 2.
2484 3916 2802 3984 [Mediolani

1718 4005 2110 4060 Constantinus
2158 4009 2213 4057 et
2259 4006 2499 4058 Licinius
2547 4005 2802 4057 uniuersa

1717 4111 1852 4163 quae
1893 4095 1960 4147 ad
2001 4095 2281 4148 commoda
2317 4095 2533 4164 publica
2561 4094 2800 4164 pertine-

1715 4187 1838 4236 rent
1884 4185 1939 4236 in
1987 4188 2226 4238 tractatu
2274 4184 2478 4237 habent
2517 4187 2572 4236 et
2612 4183 2676 4236 de
2715 4200 2800 4235 re-

1715 4273 1992 4327 stituenda
2051 4273 2278 4327 ecclesia
2333 4273 2547 4325 litteras
2599 4273 2798 4325 consti-

1713 4367 1891 4422 tuunt,
1945 4363 2076 4417 ibid.
2136 4364 2256 4426 228,
2320 4365 2381 4415 15
2442 4378 2512 4414 ss.
2574 4361 2637 4414 cf.
2693 4362 2799 4429 13.]
