3132 5043
486 426 612 487 180
1030 423 1129 475 De
1185 422 1571 490 mortibus
1629 428 2224 493 persecutorum

395 626 428 677 2
482 617 694 700 potuit
741 618 1077 683 abstinere.
1170 619 1272 681 hic
1321 620 1533 683 orbem
1584 622 1782 683 terrae
1832 620 2025 684 simul
2074 624 2137 685 et
2184 620 2449 684 auaritia
2498 623 2561 683 et
2605 619 2772 683 timi-

486 723 682 795 ditate
731 725 1066 788 subuertit.
1132 728 1259 788 tres
1311 726 1473 790 enim
1522 727 1864 809 participes
1911 728 2085 810 regni
2133 728 2233 791 sui
2279 728 2432 791 fecit
2475 727 2538 791 in
2599 729 2773 809 quat·
2832 733 2844 739 “

484 833 630 894 tuor
683 833 895 912 partes
946 831 1091 895 orbe
1143 831 1350 896 diuiso
1403 835 1465 895 et
1510 833 1958 915 multiplicatis
2007 834 2405 911 exercitibUS,
2454 853 2597 898 cum
2652 835 2774 898 sin-

485 937 620 1020 guli
675 957 889 1001 eorum
944 939 1133 1021 longe
1188 940 1488 1002 maiorem
1542 959 1872 1003 numerum
1924 940 2204 1004 militum
2250 941 2479 1004 habere
2527 945 2775 1005 eonten-

487 1045 722 1122 derent,
782 1065 969 1127 quam
1025 1046 1265 1128 priores
1322 1047 1636 1129 principes
1696 1047 2063 1122 habuerant,
2114 1067 2257 1111 cum
2317 1047 2438 1112 soli
2484 1067 2616 1111 rem
2664 1068 2776 1129 pu-

484 1153 716 1216 blicam
765 1157 1073 1236 gererent.
1167 1153 1320 1217 adeo
1371 1154 1568 1218 maior
1616 1172 1755 1218 esse
1805 1157 2096 1235 coeperat
2131 1173 2430 1218 numerus
2471 1155 2776 1236 accipien-

484 1259 645 1322 tium
713 1279 900 1341 quam
969 1260 1275 1337 dantium,
1335 1263 1408 1323 ut
1471 1260 1845 1324 enormitate
1905 1260 2326 1324 indictionum
2383 1262 2777 1344 consumptis

486 1366 729 1430 uiribus
789 1368 1156 1430 colonorum
1215 1367 1656 1430 desererentur
1710 1366 1845 1449 agri
1911 1368 1972 1429 et
2039 1367 2326 1430 culturae
2383 1371 2780 1433 uerterentur

485 1474 547 1535 in
597 1473 846 1536 siluam.
944 1477 1007 1536 et
1053 1478 1127 1537 ut
1175 1473 1383 1537 omnia
1429 1475 1663 1536 terrore
1714 1473 2173 1554 conplerentur,
2213 1474 2576 1555 prouinciae
2627 1495 2777 1557 quo-

488 1599 613 1660 que,
663 1580 725 1642 in
783 1579 987 1642 frusta
1044 1579 1363 1643 concisae:
1421 1580 1610 1642 multi
1668 1579 1991 1659 praesides
2052 1581 2115 1642 et
2169 1581 2351 1660 plura
2399 1580 2607 1644 officia
2656 1582 2777 1645 sin-

487 1686 657 1769 gulis
704 1686 1072 1768 regionibus
1113 1705 1181 1749 ac
1222 1705 1418 1767 paene
1467 1686 1593 1748 iam
1633 1685 2004 1749 ciuitatibus
2043 1686 2360 1771 incubare,
2399 1687 2551 1750 item
2592 1687 2779 1751 ratio-

486 1793 658 1856 nales
687 1793 878 1856 multi
916 1796 981 1856 et
1018 1793 1303 1875 magistri
1346 1796 1410 1855 et
1447 1792 1670 1855 uicarii
1697 1793 2178 1875 praefectorum,
2213 1793 2446 1874 quibus
2487 1794 2778 1858 omnibus

487 1900 707 1963 ciuiles
766 1902 946 1962 actus
1005 1900 1340 1964 admodum
1409 1900 1551 1976 rari,
1613 1900 1724 1962 sed
1791 1899 2347 1964 condemnationes
2410 1904 2656 1964 tantum
2718 1903 2780 1964 et

485 2006 978 2087 proscriptiones
1015 2005 1394 2086 frequentes,
1435 2006 1788 2070 exactiones
1827 2026 2032 2069 rerum
2071 2006 2630 2070 innumerabilium
2659 2027 2776 2071 non

489 2113 691 2175 dicam
742 2113 1013 2189 crebrae,
1065 2113 1174 2176 sed
1222 2117 1582 2195 perpetuae,
1633 2116 1697 2175 et
1741 2113 1802 2176 in
1854 2112 2285 2176 exactionibus
2333 2113 2598 2177 iniuriae
2660 2134 2776 2178 non

488 2219 796 2282 ferendae.
888 2220 1043 2283 haec
1094 2239 1341 2302 quoque
1399 2220 1653 2283 tolerari
1708 2230 1913 2291 (non)
1964 2223 2233 2301 possunt
2281 2240 2438 2302 quae
2488 2220 2565 2283 ad
2614 2221 2779 2285 exhi-

486 2327 725 2390 bendos
791 2325 1028 2388 milites
1096 2328 1402 2407 spectant.
1474 2325 1642 2388 idem
1707 2325 2054 2389 insatiabili
2120 2325 2387 2389 auaritia
2443 2326 2776 2391 thesauros

488 2453 832 2513 numquam
889 2433 1088 2496 minui
1146 2432 1421 2509 uolebat,
1473 2433 1585 2496 sed
1644 2451 1890 2513 semper
1938 2431 2455 2495 extraordinarias
2507 2452 2656 2514 opes
2707 2453 2776 2498 ac

485 2541 856 2624 largitiones
913 2540 1312 2622 congerebat,
1371 2543 1445 2603 ut
1502 2560 1576 2603 ea
1633 2559 1791 2621 quae
1847 2540 2248 2616 recondebat,
2296 2540 2543 2623 integra
2590 2544 2777 2622 atque

487 2647 795 2710 inuiolata
851 2649 1151 2711 seruaret.
1244 2646 1414 2710 idem
1471 2666 1617 2710 cum
1673 2648 1867 2711 uariis
1924 2647 2368 2728 iniquitatibus
2428 2647 2775 2711 inmensam

487 2754 724 2817 faceret
780 2754 1128 2830 caritatem,
1177 2754 1386 2837 legem
1442 2754 1662 2835 pretiis
1725 2773 1930 2818 rerum
1980 2754 2302 2817 uenalium
2353 2758 2632 2818 statuere
2682 2774 2778 2819 co-

489 2865 676 2923 natus
735 2863 851 2924 est.
944 2863 1097 2924 tunc
1155 2860 1231 2923 ob
1292 2861 1517 2943 exigua
1575 2863 1639 2923 et
1693 2860 1850 2923 uilia
1905 2861 2148 2924 multus
2207 2861 2467 2944 sanguis
2517 2862 2777 2938 effusuS,

487 2987 600 3031 nec
647 2967 867 3030 uenale
908 2967 1248 3048 quicquam
1287 2971 1460 3031 metu
1501 2969 1845 3049 apparebat
1883 2970 1947 3030 et
1985 2967 2214 3031 caritas
2253 2968 2457 3036 multo
2499 2967 2777 3032 deterius

490 3077 738 3152 exarsit,
806 3077 1000 3141 donec
1064 3077 1162 3140 lex
1226 3077 1607 3141 necessitate
1673 3078 1813 3159 ipsa
1875 3079 2021 3160 post
2094 3077 2443 3141 multorum
2518 3075 2776 3139 exitium

667 3301 863 3355 LOCI
892 3301 1346 3355 AVCTORVM
1377 3300 1982 3355 EXPJLATORVM
2016 3301 2359 3356 SIMILES
2458 3302 2666 3355 17—20
2694 3302 2776 3353 in-

490 3391 733 3444 satiabili
773 3391 1958 3459 auaritia—minui—congerebat—integra]
1999 3391 2149 3444 Lact.
2188 3391 2333 3460 Epit.
2374 3392 2460 3454 56,
2506 3392 2528 3442 1
2575 3407 2615 3443 s,
2647 3391 2695 3443 3.
2728 3392 2775 3443 5.

563 3538 594 3589 2
635 3539 864 3604 quatuor
909 3536 952 3588 C
1039 3538 1074 3589 4
1114 3535 1472 3589 cotendef‘ent
1508 3536 1639 3601 (sic)
1677 3534 1723 3588 G
1811 3536 1843 3587 6
1882 3535 2111 3587 maiores
2145 3528 2216 3587 ee-
2252 3536 2505 3602 ceperant
2541 3532 2599 3600 G,
2639 3548 2775 3585 corr.

490 3627 609 3678 Bal
736 3628 765 3678 7
804 3626 1155 3678 inhormitate
1197 3625 1253 3686 C,
1295 3641 1431 3680 corr.
1469 3626 1587 3677 Bal
1732 3627 1762 3678 9
1804 3625 2147 3693 coplerentur
2191 3624 2235 3675 C
2384 3624 2447 3676 10
2485 3622 2689 3674 frustffa
2727 3624 2779 3686 (r

492 3719 590 3781 er.)
637 3715 682 3768 0
790 3716 850 3767 11
894 3715 1057 3768 etiam
1094 3712 1273 3767 Halm
1386 3715 1449 3767 13
1490 3714 1667 3766 ciuilis
1712 3714 1769 3778 C,
1810 3728 1950 3767 corr.
1985 3713 2102 3765 Bal
2245 3711 2698 3780 coudepnationes
2734 3709 2777 3761 Ο

480 3811 612 3872 post
651 3809 705 3858 et
741 3805 841 3858 hoc
880 3790 1037 3862 code]
1080 3805 1345 3870 (redierat
1383 3805 1649 3857 librarius
1689 3804 1766 3856 ad
1804 3803 2044 3872 condepu
2053 3807 2093 3869 .)
2140 3803 2185 3854 C
2367 3803 2430 3855 14
2468 3801 2777 3870 frequentes

491 3894 625 3959 Bal,
655 3879 975 3962 frequenter
990 3895 1035 3946 0
1135 3894 1199 3946 16
1229 3893 1342 3945 Hec
1374 3909 1587 3962 quoque
1633 3892 1703 3959 0;
1726 3897 1897 3951 <non>
1925 3892 2056 3946 add.
2087 3891 2316 3944 Brandt
2353 3891 2459 3957 (ad
2496 3906 2779 3957 quoque—

491 3999 599 4035 non
647 3984 717 4049 cf.
765 3983 943 4034 Indt'c.
993 3982 1140 4034 uerb.
1179 3998 1221 4036 s,
1263 3998 1506 4050 quoque,·
1541 3982 1727 4035 noluit
1751 3981 1878 4034 <ne>
1904 3981 2038 4033 haee
2078 3984 2350 4048 quoque);
2395 3979 2530 4031 haec
2570 3993 2779 4047 quoque

493 4088 614 4124 cum
658 4071 703 4123 G
734 4072 853 4123 Bal
891 4071 1064 4137 (quod
1099 4087 1215 4123 ‘non
1250 4076 1389 4124 recte
1419 4087 1538 4124 cum
1564 4071 1776 4140 Mieyio
1806 4070 2092 4138 defendere
2120 4075 2347 4137 temptat
2371 4067 2780 4132 Buenemann),

491 4159 638 4212 haud
689 4176 901 4227 quoque
949 4160 1127 4224 Allava,
1171 4176 1269 4212 nec
1319 4176 1530 4228 quoque
1579 4160 1860 4226 Bauldri;
1904 4160 2036 4211 haec
2087 4175 2299 4227 quoque
2358 4160 2448 4225 qui
2503 4160 2544 4209 t.
2602 4173 2653 4225 p.
2714 4184 2777 4194 —

492 4248 790 4317 spectant?
830 4249 1092 4302 Duebner
1204 4250 1268 4301 17
1311 4251 1597 4317 expectant
1636 4248 1694 4313 C,
1733 4263 1870 4300 corr.
1901 4248 2019 4300 Bal
2129 4247 2197 4300 20
2235 4246 2380 4299 idem
2408 4246 2541 4312 Bal,
2572 4246 2704 4297 item
2741 4242 2786 4296 0

494 4338 737 4390 inmensa
779 4338 837 4403 O,
877 4354 1014 4391 corr.
1054 4338 1171 4390 Bal
1281 4339 1346 4392 23
1385 4339 1557 4406 metu]
1594 4341 1712 4389 tum
1749 4337 2054 4389 Heumann

2831 1078 2853 1112 5

2814 1608 2860 1644 10

2814 2671 2862 2708 20
