3132 5043
1185 449 1773 518 Prolegomena.
2518 455 2609 519 Xl

316 645 667 728 scripturae
716 644 930 728 potius
979 663 1166 726 quam
1209 663 1281 707 ex
1319 645 1516 708 altero
1555 644 1935 727 repetendus
1974 644 2248 710 uidetur.
2286 645 2613 740 —·Saepe

311 755 374 817 in
425 750 473 817 Ο
522 751 718 815 uerba
780 751 941 816 falso
1009 752 1117 816 uel
1183 750 1502 833 discerpta
1565 752 1672 815 uel
1743 750 2079 817 coniuncta
2133 771 2293 831 esse,
2344 771 2490 816 cum
2539 772 2613 817 ea

313 878 413 924 res
481 852 711 941 uulgo‘
744 857 808 920 in
867 857 1193 922 codicibus
1250 856 1427 921 illius
1484 857 1713 922 aetatis
1773 861 2079 937 occurrat,
2136 858 2243 922 uix
2304 877 2463 940 opus
2515 861 2617 923 est

317 983 831 1029 commemorare.

406 1071 845 1137 Correctiones
909 1090 1030 1135 non
1099 1074 1339 1136 multae
1396 1072 1458 1136 in
1518 1070 1564 1136 C
1624 1075 1775 1136 sunt
1839 1091 2072 1154 eaeque
2138 1091 2357 1138 omnes
2420 1092 2613 1138 manu

315 1178 520 1260 ipsius
569 1178 811 1242 librarii
857 1179 1084 1242 factae.

405 1286 541 1349 Iam
589 1288 663 1349 ut
710 1285 988 1350 breuiter
1034 1286 1446 1351 ostendamus
1496 1305 1657 1369 quae
1704 1287 1897 1351 fuerit
1942 1286 2150 1351 adhuc
2195 1286 2425 1351 notitia
2480 1285 2614 1368 qui-

321 1410 442 1474 que
500 1410 659 1456 usus
716 1392 1065 1457 lectionum
1125 1392 1490 1479 Colbertini,
1549 1393 1605 1457 is
1665 1393 1773 1476 qui
1824 1376 2069 1475 primus
2116 1392 2327 1458 ,edidit
2378 1392 2615 1456 librum

320 1497 648 1576 Montium,
697 1498 1023 1577 BaluziuS,
1073 1499 1137 1563 in
1183 1498 1371 1565 Notis
1425 1500 1601 1583 ipsas
1660 1501 1797 1565 eius
1854 1501 2160 1567 lectiones
2219 1518 2467 1582 perraro
2526 1502 2614 1562 at-

322 1606 491 1684 tulit,
548 1605 738 1690 longe
801 1607 1113 1688 plurimos
1179 1608 1356 1672 locos
1425 1607 1534 1690 qui
1600 1607 2104 1673 emendationem
2171 1607 2229 1671 ei
2291 1608 2617 1689 postulare

323 1711 725 1790 uidebantur,
765 1713 960 1778 tacite
998 1713 1296 1781 mutauit.
1347 1714 1921 1798 Diligentissimam
1961 1716 2173 1778 autem
2214 1732 2426 1778 curam
2468 1712 2616 1777 scri-

323 1821 546 1900 pturae
616 1819 852 1885 codicis
916 1823 1087 1886 recte
1151 1821 1456 1906 legendae
1512 1822 1759 1899 tribuit,
1815 1821 1908 1886 ita
1961 1824 2037 1885 ut
2092 1821 2284 1886 etiam
2337 1820 2400 1883 in
2456 1820 2615 1884 locis

323 1926 452 1989 illis
502 1926 792 1993 euanidis
840 1927 1078 2010 primae
1124 1929 1414 2014 paginae,
1457 1929 1532 1993 de
1572 1929 1804 2012 quibus
1854 1948 2045 2012 supra
2080 1928 2373 2005 diximus,
2412 1927 2621 1991 multa

327 2032 563 2113 optime
620 2033 1055 2117 perspexerit.⁴
1119 2035 1328 2099 Etiam
1375 2035 1462 2100 Le
1482 2035 1732 2118 Noumr
1777 2035 1840 2098 in
1900 2035 2172 2100 editione
2221 2054 2338 2100 sua
2381 2051 2619 2115 paucas

324 2257 451 2295 suos
486 2243 763 2310 persequi,
809 2247 997 2297 nostra
1044 2243 1260 2313 quidem
1310 2245 1586 2299 sententia
1621 2245 1711 2315 (cf.
1752 2244 1819 2298 ad
1867 2244 2009 2298 hunc
2047 2245 2246 2311 locum)
2284 2243 2446 2297 etiam
2487 2245 2618 2296 nota

328 2331 639 2399 marginalis
676 2333 931 2386 mutilata
966 2334 1023 2386 in
1061 2333 1229 2386 uerba
1265 2334 1542 2403 scriptoris
1581 2335 1754 2387 inlata
1792 2336 1890 2398 est,
1930 2336 1987 2387 et
2026 2337 2172 2387 extat
2207 2333 2261 2387 in
2304 2332 2620 2387 Colbertino

330 2420 443 2487 ipso
496 2420 761 2474 eiusmodi
807 2425 940 2475 nota
987 2438 1019 2474 a
1066 2439 1227 2475 manu
1276 2423 1483 2477 librarii
1522 2424 1579 2476 in
1616 2423 1860 2492 margine
1898 2422 1967 2476 ad
2007 2440 2048 2476 c.
2090 2423 2176 2486 30,
2216 2423 2247 2475 5
2289 2426 2363 2489 (p.
2400 2421 2523 2485 208,
2566 2422 2619 2486 1)

330 2506 555 2561 adiecta.
589 2540 655 2547 —
688 2498 778 2562 ⁴De
818 2509 938 2563 aliis
976 2509 1266 2579 generibus
1297 2500 1559 2564 'uitiorum
1602 2528 1739 2579 quae
1778 2512 1906 2563 sunt
1938 2510 1992 2563 in
2022 2508 2353 2574 Colbertino‚
2385 2508 2450 2562 cf.
2481 2507 2619 2562 infra

331 2596 514 2651 adnot.
553 2598 604 2651 6.

420 2686 441 2719 ⁴
479 2686 813 2752 Quibusdam
853 2688 987 2742 locis
1026 2689 1187 2742 huius
1225 2690 1456 2758 paginae
1496 2689 1778 2742 Baluzium
1818 2688 1947 2757 quid
1985 2689 2243 2758 scriptum
2282 2689 2426 2741 esset
2464 2687 2519 2740 in
2560 2685 2619 2746 C,

328 2791 436 2828 non
476 2777 612 2830 satis
650 2777 857 2831 uidisse
895 2779 1084 2847 negari
1120 2796 1229 2831 non
1266 2781 1476 2848 potest:
1518 2795 1561 2834 c.
1606 2779 1652 2841 1,
1694 2780 1724 2832 3
1766 2782 1838 2847 (p.
1881 2779 1998 2840 172,
2027 2780 2082 2844 6)
2121 2777 2313 2832 scribit
2348 2773 2623 2830 transacti

329 2881 424 2932 pro
467 2865 788 2930 tristissimi3
834 2868 879 2931 1,
919 2869 954 2920 4
994 2871 1066 2936 (p.
1111 2867 1228 2931 172,
1262 2869 1315 2933 7)
1358 2873 1552 2920 tantae
1589 2883 1684 2936 pro
1726 2872 1908 2930 atrae;
1953 2868 2000 2929 1,
2031 2869 2062 2921 6
2096 2871 2167 2936 (p.
2202 2867 2318 2928 172,
2354 2867 2440 2931 17)
2479 2880 2620 2917 mor-

333 2957 433 3005 tem
471 2954 644 3024 diyna
681 2956 892 3010 ultione
927 2957 1177 3025 superbis
1213 2962 1263 3010 et
1298 2957 1484 3026 impiis
1521 2972 1616 3024 pro
1654 2956 1890 3009 iadicem
1927 2955 2098 3024 digna
2142 2953 2462 3008 uid<elicet>
2494 2970 2622 3021 sup-

322 3042 503 3109 plicia
537 3045 746 3111 impii-33
790 3046 836 3107 1,
877 3046 906 3098 7
948 3048 1022 3114 (p.
1068 3046 1185 3106 173,
1218 3046 1270 3115 7)
1310 3051 1559 3100 auctores
1596 3062 1691 3115 pro
1721 3050 2105 3112 persecutores
2143 3044 2325 3097 Etiam
2363 3043 2626 3095 nonnulla

336 3131 442 3185 alia
479 3149 577 3201 per
614 3137 790 3187 totum
831 3133 1068 3188 codicem
1100 3135 1379 3188 Baluzium
1421 3136 1695 3204 sugerunt.
1737 3134 1840 3187 Sed
1879 3134 2026 3187 locos
2064 3133 2223 3187 modo
2263 3133 2474 3186 adlatos
2502 3148 2624 3202 pro-

336 3225 522 3289 pterea
567 3223 961 3291 proposuimus,
1009 3229 1071 3277 ut
1119 3241 1212 3277 cur
1257 3224 1411 3277 illum
1462 3225 1582 3278 loco
1633 3223 1863 3292 quodam
1912 3223 2150 3276 eiusdem
2196 3223 2343 3276 illius
2394 3222 2626 3291 paginae

335 3326 438 3363 non
478 3311 814 3379 potuerimus
852 3313 1025 3382 sequi,
1065 3314 1227 3366 etiam
1268 3314 1442 3382 magis
1482 3315 1756 3383 appareat.
1794 3311 1895 3364 Est
1919 3313 2100 3365 autem
2126 3311 2215 3364 hic
2241 3312 2392 3364 locus
2421 3311 2477 3362 in
2505 3310 2624 3379 ipso

337 3399 491 3450 initio
530 3399 673 3462 libri,
715 3417 746 3454 a
782 3401 1005 3455 Baluzio
1046 3403 1122 3456 sic
1160 3403 1418 3472 scriptus:
1458 3404 1702 3457 Audiuit
1739 3403 1992 3457 dominus
2027 3403 2307 3456 orationes
2334 3406 2478 3466 tuas,
2506 3400 2625 3452 De-

338 3493 465 3540 nate
502 3490 799 3553 carissime,
828 3508 967 3559 quas
1002 3492 1066 3544 in
1102 3498 1394 3560 conspecta
1430 3494 1547 3545 eius
1581 3508 1680 3560 per
1716 3507 1899 3545 omnes
1924 3491 2091 3545 horas
2129 3495 2283 3544 tota
2322 3488 2436 3542 die
2471 3489 2550 3555 fa
2563 3504 2627 3539 n-

340 3576 463 3640 dis,
504 3583 1049 3648 ceterorumque
1084 3582 1328 3648 fratrum
1360 3588 1697 3646 nostrorum,
1732 3581 1829 3648 qui
1860 3580 2106 3648 ⁸‹Jloriosa
2134 3578 2470 3644 confessione
2494 3593 2626 3629 sem-

333 3666 613 3732 piternam
648 3666 758 3721 sibi
795 3686 1054 3734 coronam
1081 3687 1189 3738 pro
1227 3671 1369 3739 fidei
1404 3670 1612 3724 meritis
1646 3670 2016 3738 quaesierunt.
2057 3668 2137 3720 De
2177 3667 2356 3720 uerbis
2386 3671 2507 3719 tota
2543 3665 2632 3719 die

330 3754 533 3820 fandis
570 3762 971 3827 ceterorumque
1006 3776 1181 3829 neque
1219 3760 1295 3813 Le
1315 3760 1526 3828 Nourry
1566 3791 1634 3798 —-
1671 3775 1794 3812 nam
1836 3775 1967 3826 quas
2004 3757 2094 3810 hic
2139 3755 2491 3826 paucissimas
2535 3754 2629 3806 lit·

339 3846 483 3897 teras
522 3845 743 3900 exhibet
780 3851 844 3901 ut
881 3865 912 3901 a
950 3865 1006 3901 se
1044 3850 1231 3915 lectas,
1270 3866 1364 3902 eae
1403 3848 1539 3901 falso
1579 3849 1752 3901 lectae
1791 3850 1917 3900 sunt
1945 3877 2011 3885 —
2041 3862 2216 3914 neque
2253 3843 2421 3898 Andr.
2448 3842 2630 3897 Laub-

341 3948 501 3985 mann
545 3950 721 4004 neque
772 3936 937 3990 Henr.
978 3937 1192 4002 Omont,
1244 3955 1469 4007 quorum
1519 3937 1584 3990 de
1633 3936 2031 3991 conlationibus
2075 3934 2275 3988 codicis
2312 3948 2633 3999 mox-<supra

341 4022 566 4091 dicetur,
604 4041 777 4093 neque
819 4026 870 4079 S.
910 4026 1121 4080 Brandt
1159 4027 1446 4096 quicquam
1486 4043 1775 4095 agnoscere
1805 4027 2116 4094 potuerunt.
2152 4022 2348 4091 Itaque
2378 4020 2633 4075 credibile

340 4128 444 4165 non
484 4116 569 4166 est
596 4112 878 4167 Baluzium
916 4115 1083 4168 uerba
1117 4115 1215 4169 illa
1254 4115 1456 4169 uidisse
1493 4118 1749 4184 recteque
1786 4114 2006 4183 legisse,
2043 4128 2218 4181 neque
2255 4110 2432 4179 magis
2462 4108 2632 4162 credi·

340 4201 446 4255 bile
478 4206 564 4255 est
593 4206 719 4272 post
745 4203 1027 4257 Baluzium
1055 4204 1157 4258 hoc
1184 4204 1302 4274 ipso
1332 4205 1450 4258 loco
1480 4204 1802 4273 scripturam
1832 4202 2006 4256 denuo
2038 4201 2294 4255 detritam
2322 4200 2412 4253 uel
2441 4199 2633 4252 obscu-

342 4295 512 4345 ratam
552 4307 687 4345 esse.
724 4292 957 4347 Maxime
996 4296 1178 4346 autem
1215 4293 1318 4347 hoc
1353 4293 1471 4346 loco
1525 4292 1692 4346 uerba
1737 4297 1863 4352 tota
1905 4291 1995 4345 die
2034 4289 2232 4358 fundis
2273 4287 2633 4357 suspicionem

343 4382 587 4434 mouent:
636 4398 763 4434 nam
809 4397 983 4450 neque
1030 4382 1197 4435 uerba
1232 4388 1362 4437 tota
1401 4382 1503 4446 die,
1543 4382 1588 4434 si
1628 4381 1936 4449 significant
1963 4396 2068 4448 per
2104 4384 2278 4433 totum
2316 4377 2471 4440 diem,
2510 4377 2635 4443 post
