3132 5043
1153 498 1740 567 Prolegomena.
2437 496 2586 559 XXI

286 697 520 760 librum
583 698 678 760 De
733 699 920 761 mort.
978 693 1246 781 persec.)
1302 693 1465 756 male
1516 692 1868 771 multatum,
1927 691 1987 754 c&
2042 691 2285 755 lacunis
2324 689 2589 770 ‘saepius

285 802 580 885 hiulcum,
637 802 884 883 partim
948 822 1023 865 eoe
1084 799 1341 881 nostris,
1403 799 1653 881 partim
1719 798 2216 862 doctissimorum
2281 798 2585 877 uirorum,

287 908 595 990 Episcopi
640 907 1056 990 AsaphewsiS,
1106 907 1166 969 c&
1211 906 1431 970 Isaaoi
1487 904 1716 987 Vossii,
1743 893 2134 969 ‘coniecturis
2189 904 2451 968 subinde
2495 923 2586 965 re-

284 1016 626 1082 stituimus,
675 1016 746 1078 In
793 1015 1097 1079 breuibus
1134 1015 1263 1077 illis
1303 1013 1473 1077 notis
1513 1032 1674 1094 quae
1712 1013 1774 1075 in
1815 1012 1961 1075 imis
1999 1011 2253 1095 paginis
2291 1010 2583 1074 subditae

288 1126 457 1200 sunt,
510 1126 804 1186 auctores
854 1121 1357 1185 coniecturarum
1404 1138 1529 1183 non
1566 1119 1990 1195 nominantur,
2029 1118 2155 1181 nisi
2193 1117 2360 1200 quod
2396 1137 2458 1198 p.
2500 1117 2582 1180 68

283 1251 361 1294 ῃ.-
398 1231 466 1305 6ς
522 1231 626 1307 75,
676 1250 736 1294 n.
790 1231 856 1304 13
909 1229 1013 1305 76,
1063 1247 1122 1291 n.
1173 1229 1242 1303 3;
1302 1228 1385 1291 92
1446 1247 1503 1290 n.
1568 1228 1633 1302 13
1686 1226 1769 1289 93
1819 1246 1878 1288 n.
1928 1227 1970 1289 4
2014 1224 2122 1287 uir
2173 1223 2584 1287 reuerendiss‘.

280 1335 417 1420 (uel
465 1335 804 1398 admodum
858 1334 1239 1399 reuerendus
1296 1335 1404 1397 uel
1459 1331 1691 1417 reuer.)
1749 1331 2043 1396 occurrit.
2093 1331 2155 1393 Is
2206 1328 2339 1394 sine
2389 1329 2582 1394 dubio

279 1439 641 1522 &ascopa-s
679 1440 1071 1521 Asaphensis
1115 1441 1223 1505 ille
1273 1443 1372 1504 est
1415 1439 1479 1503 in
1518 1438 1916 1503 Praefatione
1964 1438 2325 1502 nominatus
2366 1435 2582 1520 (Saint

279 1549 511 1629 Asaph
559 1548 963 1631 episcopatus
1014 1547 1448 1630 suffraganeus
1501 1548 1599 1610 est
1647 1545 1724 1609 ad
1771 1545 2384 1627 archiepiscopatum
2427 1542 2582 1608 Can-

277 1662 647 1720 tuarensem
693 1654 1060 1739 pertinens),
1110 1654 1212 1717 hic
1260 1657 1471 1718 tamen
1520 1653 1663 1735 quis
1710 1653 1923 1730 fuerit,
1970 1652 2241 1734 reperire
2296 1671 2417 1715 non
2465 1669 2578 1733 po-

277 1763 556 1826 tuimus.
596 1761 859 1825 Bauldri
904 1761 1205 1844 (Praefat.
1245 1781 1307 1843 p.
1346 1758 1441 1847 ³⁵³⁵)
1489 1764 1810 1824 auctorem
1860 1759 2052 1823 huius
2102 1757 2393 1823 editionis
2443 1776 2582 1821 esse

277 1869 442 1934 dicit
490 1868 931 1933 ‘Oxoniensem
978 1867 1390 1950 Episcopum,
1438 1868 1739 1931 Ioannem
1776 1866 2036 1930 Felles’:
2084 1866 2188 1929 hic
2236 1868 2447 1929 tamen
2487 1865 2576 1927 10.

276 1977 422 2040 Fell
469 1977 615 2059 (hoc
665 1977 764 2039 est
811 1973 977 2038 enim
1017 1994 1241 2038 uerum
1280 1971 1557 2057 nomen),
1599 1974 1781 2037 cuius
1821 1973 2012 2038 etiam
2051 1972 2343 2055 Cypriani
2384 1970 2577 2035 editio

276 2085 474 2157 extat,
538 2083 830 2147 mortuus
894 2101 948 2144 a.
1016 2082 1207 2159 1686,
1270 2099 1618 2162 numquam
1679 2080 1879 2144 fuisse
1931 2080 2189 2144 uidetur
2237 2077 2574 2160 episcopus

273 2188 693 2271 AsaphensiS.
742 2186 950 2251 Etiam
997 2188 1267 2269 Lenglet
1313 2187 1371 2269 (I
1419 2207 1478 2269 p.
1527 2186 1662 2269 XL)
1711 2186 1874 2250 hanc
1920 2185 2260 2250 editionem
2307 2191 2365 2247 ‘a
2400 2185 2575 2249 Ioan.

273 2295 466 2359 Fen?
517 2294 753 2358 factam
811 2313 950 2358 esse
1010 2294 1250 2357 scribit.
1276 2292 1327 2378 8)
1386 2294 1559 2358 Haec
1620 2293 1812 2357 editio
1864 2293 2236 2357 Oxoniensis
2292 2292 2356 2355 in
2404 2292 2576 2355 not'1s

269 2401 616 2466 nonnullas
656 2401 928 2483 optimas
960 2402 1354 2465 coniecturas
1387 2390 1685 2465 continet.
1715 2400 1969 2463 Primus
2006 2401 2238 2463 librum
2267 2397 2574 2462 Mortium

273 2508 546 2574 editioni
581 2507 894 2571 Lactantii
937 2507 1221 2573 adiunxit
1259 2508 1600 2574 Thomas
1642 2506 1893 2590 Spark
1932 2504 2248 2592 (Oxonii
2303 2506 2571 2591 1684):

273 2635 405 2697 qua
468 2615 545 2678 de
609 2614 883 2678 editione
942 2615 1071 2679 uol.
1134 2615 1197 2678 II
1256 2615 1411 2679 fasc.
1482 2618 1509 2678 l
1577 2635 1638 2697 p.
1700 2614 1907 2678 LXIII
1966 2613 2259 2679 diximus,
2317 2614 2461 2695 Ipse
2507 2612 2571 2675 in

271 2722 448 2786 notis
512 2721 648 2786 suis
710 2722 1100 2804 paucissima
1162 2723 1381 2787 attulit
1442 2742 1641 2804 eaque
1697 2722 1803 2786 uix
1860 2722 2058 2785 ullius
2106 2720 2434 2797 momenti,
2481 2739 2573 2783 re-

271 2828 450 2911 cepit
493 2830 705 2891 tamen
754 2832 934 2894 notas
994 2829 1290 2893 editionis
1351 2827 1754 2893 Oxoniensis:
1809 2847 1932 2909 quo
1983 2828 2222 2891 factum
2272 2830 2371 2891 est
2415 2829 2491 2890 ut
2538 2845 2574 2889 a

271 2935 658 3018 quibusdam
727 2935 875 2998 huic
942 2935 1422 3001 ascriberentur.
1490 2935 1755 3000 Adiecta
1823 2937 1921 2999 est
1985 2934 2233 3017 Sparkii
2309 2933 2572 2997 editioni

271 3041 470 3104 etiam
529 3041 929 3105 ‘Dissertatio
991 3042 1065 3105 de
1121 3043 1282 3124 Ripa
1340 3041 1570 3126 Striga.
1626 3043 1722 3106 Ab
1779 3041 2053 3106 Henrico
2111 3039 2436 3105 Dodwello
2496 3042 2569 3102 A.

268 3148 364 3211 M.
395 3147 823 3212 Dubliniensi‘
864 3149 941 3212 ad
977 3150 1192 3213 locum
1228 3149 1419 3213 Mort.
1466 3151 1568 3224 17,
1600 3152 1640 3212 4
1682 3146 1888 3233 (ripae
1925 3147 2214 3231 Istricae)
2254 3149 2569 3228 spectans,

268 3254 462 3318 docte
525 3254 641 3317 illa
707 3255 965 3336 quidem
1033 3258 1221 3339 atque
1287 3256 1428 3320 fuse
1497 3257 1756 3337 scripta,
1816 3256 1926 3320 sed
1983 3256 2059 3320 ad
2115 3256 2326 3337 ipsum
2384 3254 2568 3318 illum

265 3363 488 3426 locum
534 3361 806 3425 inutilis.
856 3361 1217 3426 Editionem
1263 3362 1441 3426 illam
1491 3362 1908 3428 Oxoniensem
1960 3363 2151 3426 etiam
2206 3362 2410 3426 editor
2455 3362 2567 3424 La·

266 3468 497 3531 ctantii
555 3467 1096 3552 Cantabrigiensis
1152 3467 1381 3552 (1685;
1444 3470 1518 3535 de
1578 3490 1700 3552 quo
1762 3471 1840 3535 cf.
1899 3469 2050 3534 ibid.
2109 3490 2169 3552 p.
2233 3468 2438 3531 LXIII
2487 3466 2567 3551 s.)

265 3574 597 3656 expilauit.
664 3611 752 3620 —
813 3575 1009 3639 Plura
1073 3576 1264 3639 etiam
1332 3576 1607 3657 optimae
1653 3576 1857 3660 frugis
1908 3596 2096 3658 quam
2161 3576 2225 3638 in
2292 3575 2566 3638 editione

264 3679 634 3759 Oxoniensi,
682 3682 902 3746 insunt
946 3682 1009 3746 in
1059 3702 1130 3746 ea
1179 3702 1358 3765 quae,
1400 3683 1570 3764 quod
1608 3683 1876 3761 mireris,
1919 3682 2086 3764 apud
2123 3681 2565 3764 Hyperboreos

261 3790 418 3852 nata
467 3790 585 3867 est,
634 3788 901 3854 Aboae
966 3789 1028 3852 in
1092 3790 1422 3854 Finlandia
1485 3792 1718 3867 1684,
1768 3811 1901 3853 cum
1971 3789 2155 3853 Notis
2202 3788 2567 3852 Iohannis

269 3894 629 3978 Columbi,
693 3895 781 3957 ad
830 3895 1252 3975 per-illustrem
1300 3896 1359 3958 <fc
1404 3896 1805 3980 maymflcum
1852 3899 2083 3977 uirum,
2142 3894 2567 3966 Gisbertum

335 4068 378 4136 ὃ)
399 4070 665 4123 Ioannem
716 4068 836 4122 Fell
893 4068 1155 4122 editorem
1196 4086 1313 4123 esse
1354 4086 1414 4123 eo
1457 4087 1671 4138 quoque
1711 4070 2070 4133 confirmatur,
2114 4069 2256 4138 quod
2296 4069 2567 4139 exemplar

259 4159 395 4212 olim
459 4158 503 4213 I.
566 4157 628 4212 G.
698 4156 936 4217 Graeuii.
1003 4158 1148 4228 quod
1204 4160 1347 4212 inter
1409 4160 1578 4212 libros
1645 4160 1759 4212 eius
1824 4159 1880 4212 in
1945 4158 2281 4212 bibliotheca
2345 4159 2563 4212 Heidel-

255 4246 513 4316 bergensi
555 4250 656 4310 est,
695 4247 753 4299 in
790 4245 920 4300 folio
961 4247 1105 4315 quod
1145 4251 1228 4301 est
1266 4252 1391 4301 ante
1421 4248 1660 4315 titulum,
1690 4251 1905 4317 praeter
1936 4247 2155 4301 Graeuii
2181 4264 2375 4321 nomen
2402 4264 2565 4300 manu

256 4335 434 4404 ipsius
480 4335 803 4403 inscriptum
849 4334 1019 4388 habet
1062 4336 1188 4389 hoc:
1235 4337 1464 4390 Donum
1509 4337 1758 4390 Illustris
1805 4335 1927 4389 Viri
1971 4336 2214 4390 Ioannis
2257 4336 2386 4390 Fell
2421 4337 2561 4405 Epi-

252 4424 415 4492 scopi
457 4422 807 4477 Oxoniensie
