3132 5043
403 504 533 566 286
1456 494 1702 548 Index

401 695 704 748 Auentinus
732 694 904 746 monti
934 691 1466 753 nomendedit147,
1498 691 1545 744 7.
1677 691 1765 753 29,
1827 689 1907 742 13.
1964 687 2116 741 sedes
2168 686 2222 739 11
2271 684 2358 746 25,
2400 685 2448 737 9.
2489 701 2579 736 cur
2615 683 2758 736 duae

404 801 530 837 aues
580 785 665 837 bis
716 785 1009 835 nascuntur
1057 780 1113 834 11
1155 782 1236 844 12,
1276 783 1324 834 5.
1363 781 1420 833 in
1459 796 1547 832 ea·
1678 779 1787 831 sint
1823 778 1879 831 11
1917 778 2002 841 28,
2046 777 2127 830 15.
2168 776 2253 838 34,
2298 774 2380 827 13.
2430 789 2609 826 earum
2654 788 2755 824 uo-

472 890 590 926 rum
635 872 838 925 fetibus
887 871 1046 941 primi
1094 870 1236 923 oculi
1274 870 1550 937 finguntur
1675 868 1915 935 luptates
1960 866 1987 918 I
2035 865 2156 926 562,
2209 863 2441 924 3-563,
2495 862 2578 915 19.
2630 861 2757 923 740,

471 962 527 1015 ΙΙ
556 964 642 1026 44,
675 964 758 1015 14.
788 961 1001 1014 uesicae
1023 977 1178 1012 usum
1208 976 1316 1011 non
1343 958 1549 1010 habent
1680 956 1761 1008 15.
1804 955 1924 1017 741,
1961 955 2155 1007 4-12,

470 1051 527 1104 Π
562 1052 651 1114 42,
693 1051 774 1103 12.
824 1066 1003 1103 earum
1043 1052 1232 1102 cantus
1280 1046 1546 1115 quomodo
1605 1044 1813 1096 Aurora
1850 1042 1906 1096 11
1942 1043 2023 1096 Ph
2066 1042 2183 1104 137,
2225 1041 2309 1095 35.

471 1140 660 1207 lingua
706 1138 971 1192 efficiatur
1013 1137 1068 1190 II
1117 1138 1201 1199 35,
1246 1136 1327 1189 12.
1367 1150 1547 1187 earum
1603 1133 1778 1186 Auses
1814 1133 1842 1185 Ι
1880 1133 2004 1189 347.
2049 1132 2094 1184 1.

471 1230 528 1282 in
595 1227 886 1281 educandis
950 1225 1151 1279 fetibus
1215 1224 1428 1278 labores
1492 1222 1548 1275 Π
1603 1221 1898 1275 Autronius
1935 1220 2197 1273 Maximus
2234 1218 2261 1271 Ι
2303 1217 2421 1280 128,
2458 1217 2509 1272 4.

476 1320 557 1375 11.
614 1318 838 1371 12-18.
892 1314 1098 1384 aliquid
1149 1314 1415 1366 humanae
1461 1313 1545 1364 in·
1604 1314 1896 1364 autumnus
1937 1307 2233 1362 occidentis
2274 1309 2359 1359 est
2393 1305 2423 1359 Ι
2460 1305 2578 1369 143,
2622 1304 2705 1357 18.

469 1407 822 1475 tellegentiae
859 1406 1058 1459 habere
1094 1403 1351 1456 uidentur
1375 1400 1431 1454 ΙΙ
1463 1402 1543 1465 11,

475 1496 540 1548 12
580 1512 648 1547 ss.
690 1495 754 1548 cf.
794 1495 1054 1549 uolucres.
1603 1488 1848 1558 Babylon
1885 1488 1912 1540 I
1949 1488 2034 1548 23,
2076 1488 2126 1539 5.
2165 1485 2288 1545 304,
2325 1484 2376 1539 4.

400 1583 649 1652 [Aulacia
686 1581 940 1651 oppidum
979 1581 1007 1634 I
1044 1582 1132 1642 48,
1174 1579 1277 1648 14.]
1608 1576 1918 1647 [Babylonii
1955 1576 1982 1628 I
2017 1576 2101 1639 93,
2131 1575 2182 1629 3.
2221 1572 2345 1637 690,
2373 1573 2483 1640 25.]
2519 1587 2610 1625 rex
2645 1571 2763 1624 Ba-

402 1672 684 1740 auguratio
726 1673 1063 1738 (auguratus)
1106 1668 1426 1721 daemonum
1463 1668 1543 1719 in·
1674 1665 1923 1734 bylonius
1961 1664 1988 1715 I
2028 1663 2150 1725 285,
2191 1663 2238 1714 7.

478 1765 699 1813 uentum
734 1760 762 1812 Ι
805 1760 923 1821 167,
963 1761 1010 1812 1.
1050 1759 1171 1820 696,
1215 1757 1298 1809 12.
1606 1755 1808 1809 Baebio
1850 1753 2067 1807 consule
2106 1751 2133 1803 I
2170 1750 2257 1811 88,
2301 1750 2383 1803 17.

405 1865 635 1919 augures
675 1866 707 1902 a
743 1847 922 1901 Numa
960 1847 1126 1900 creati
1163 1846 1192 1899 Ι
1228 1845 1316 1905 88.
1359 1846 1440 1899 14.
1604 1843 1807 1897 Balbus
1847 1840 1990 1910 apud
2029 1838 2342 1893 Ciceronem
2378 1838 2408 1892 Ι
2446 1839 2563 1900 122,
2601 1837 2690 1892 26.

404 1937 630 2005 auguria
665 1952 765 2004 per
801 1934 1090 1987 daemones
1130 1933 1325 1987 effecta
1360 1934 1388 1986 Ι
1430 1934 1547 1993 125,
1605 1934 1906 2002 baptismus
1953 1929 2011 1982 id
2059 1932 2142 1982 est
2188 1927 2397 1997 purifici
2445 1928 2578 1980 roris
2630 1943 2759 1996 per-

478 2026 559 2081 18.
600 2025 721 2088 694,
760 2026 808 2078 3.
1676 2021 1816 2074 fusio
1857 2022 1880 2073 I
1920 2020 2041 2082 329,
2088 2017 2169 2070 18.
2210 2016 2442 2069 caeleste
2480 2018 2762 2070 lauacrum

405 2114 653 2183 Augusta
692 2112 756 2166 cf.
794 2112 1030 2168 Valeria.
1675 2113 1703 2166 Ι
1724 2112 1844 2173 600,
1866 2111 1951 2164 23.
1982 2095 2204 2162 uirtutis
2236 2123 2297 2160 ac
2323 2106 2453 2159 fidei
2478 2107 2761 2160 lauacrum

403 2203 600 2258 Caesar
649 2205 927 2271 Augustus
981 2201 1188 2253 somnio
1241 2202 1485 2253 seruatus
1522 2198 1550 2251 Ι
1676 2202 1703 2254 Ι
1740 2201 1862 2262 468,
1903 2202 1951 2254 3.

475 2292 592 2356 128,
635 2293 717 2345 13.
759 2291 842 2344 16.
887 2290 1006 2352 169,
1042 2290 1124 2343 16.
1165 2305 1197 2341 a
1232 2290 1403 2342 Bruto
1436 2289 1549 2341 eius
1606 2290 1804 2344 barbae
1841 2290 1981 2343 ratio
2019 2290 2077 2343 II
2115 2292 2199 2351 27,
2240 2292 2288 2342 5.

475 2384 651 2434 castra
703 2380 863 2447 capta
913 2378 940 2430 I
995 2377 1113 2440 128,
1168 2379 1251 2430 17.
1311 2378 1378 2430 ab
1436 2377 1550 2430 eius
1605 2378 1815 2432 Baruch
1859 2378 1925 2431 cf.
1965 2378 2287 2431 Hieremias,

469 2469 737 2523 militibus
804 2466 1080 2541 Turullius
1144 2466 1461 2519 interfectus
1524 2467 1551 2519 I
1606 2485 1715 2520 non
1751 2467 2077 2536 belligerare
2115 2468 2316 2519 iustum
2354 2464 2382 2517 I
2417 2464 2539 2528 454,
2574 2463 2624 2518 4.

476 2560 594 2622 127,
633 2559 719 2610 21.
760 2587 821 2596 -
866 2558 1144 2625 Augustus
1194 2561 1374 2609 aetate
1410 2557 1549 2609 Dio·
1608 2557 1835 2611 Bellona
1884 2557 1911 2609 I
1948 2558 2071 2619 432,
2115 2557 2195 2612 16.
2255 2555 2370 2608 eius
2417 2569 2566 2607 sacra
2599 2551 2627 2604 Ι
2664 2551 2758 2613 81,

473 2647 699 2701 cletiani
750 2652 799 2699 et
855 2645 1242 2698 Constantini:
1292 2644 1361 2700 cf.
1410 2643 1550 2698 Con·
1681 2648 1763 2699 15.
1804 2647 1924 2708 689,
1964 2648 2013 2700 5.

473 2734 1400 2788 stantinus.Licinius.Maximianus
1420 2733 1550 2798 (Ga-
1606 2736 1772 2788 Belus
1800 2735 2139 2804 Assyriorum
2168 2750 2259 2786 rex
2287 2732 2314 2784 1
2344 2732 2466 2795 690,
2496 2731 2579 2784 24.
2612 2729 2757 2798 [eius

471 2824 677 2890 lerius).
762 2823 1116 2876 Maximianus
1200 2823 1548 2889 (Herculius).
1680 2825 1855 2877 cultus
1904 2828 1960 2876 et
2007 2828 2157 2876 aetas
2213 2821 2241 2873 Ι
2289 2822 2373 2883 93,
2425 2821 2457 2873 3
2503 2835 2571 2871 ss.
2627 2817 2756 2880 690,

471 2911 813 2965 Maximinus.
866 2911 1113 2965 Seuerus,
1153 2942 1221 2950 —
1263 2911 1549 2975 (Diocleti-
1678 2915 1747 2967 24
1786 2914 1880 2982 ss]

475 3002 584 3065 ani)
637 3000 940 3068 dispositi0‚
980 3004 1042 3052 ut
1086 3000 1192 3053 duo
1242 3000 1353 3053 sint
1399 3001 1456 3053 in
1495 3017 1550 3053 re
1606 3004 1903 3056 bestiarum
1931 3000 2201 3054 naturalia
2224 2995 2757 3058 munimenta1253,

472 3090 695 3158 publica
738 3089 987 3152 maiores,
1029 3089 1121 3157 qui
1168 3106 1429 3142 summam
1466 3106 1548 3143 re·
1681 3093 1763 3146 16.
1794 3091 1850 3143 11
1881 3093 1930 3151 7,
1966 3089 2261 3152 17-8,10.
2294 3085 2610 3139 rationalem
2639 3083 2757 3136 uim

472 3195 591 3231 rum
647 3181 888 3240 teneant,
947 3176 1078 3231 item
1136 3177 1242 3231 duo
1298 3180 1548 3242 minores,
1677 3181 1744 3233 iis
1785 3179 1915 3233 deus
1952 3196 2060 3232 non
2101 3177 2254 3230 dedit
2281 3176 2335 3228 ΙΙ
2367 3178 2418 3236 7,
2453 3176 2531 3227 17.
2571 3189 2756 3225 earum

476 3267 568 3335 qui
618 3267 728 3319 sint
768 3266 1077 3319 adiumento
1116 3268 1171 3320 ΙΙ
1209 3268 1264 3321 Μ
1308 3270 1424 3332 192,
1464 3270 1548 3323 21.
1678 3272 1838 3337 potus
1887 3266 2154 3337 quomodo
2206 3265 2305 3318 fiat
2340 3264 2397 3317 II
2435 3266 2518 3326 35,
2561 3264 2641 3316 19.
2683 3261 2754 3314 cf.

471 3355 749 3424 Augustus
802 3358 964 3424 atque
1016 3356 1185 3409 frater
1238 3356 1369 3409 ibid.
1430 3357 1549 3420 196,
1676 3359 1845 3411 Indic.
1883 3355 2094 3409 uerbor.

474 3448 522 3498 5.
597 3444 950 3496 Maximianus
1025 3444 1311 3497 Herculius
1384 3444 1551 3498 frater
1607 3446 1868 3514 Bithynia
1911 3445 1938 3496 l
1984 3445 2107 3507 403,
2163 3445 2241 3498 14.
2290 3443 2413 3504 435,
2469 3443 2544 3495 19.
2599 3440 2656 3493 ΙΙ
2694 3441 2755 3493 Μ

474 3532 805 3586 Diocletiani
849 3532 980 3586 ibid.
1035 3533 1153 3594 181,
1197 3534 1278 3585 17.
1317 3533 1550 3600 Augusti
1678 3536 1798 3594 214,
1842 3535 1923 3587 14.
1965 3535 2086 3596 225,
2127 3536 2175 3588 5.

473 3620 605 3675 ibid.
639 3620 862 3685 192,18.
896 3621 1200 3674 Maxentius
1227 3621 1549 3674 Maximinus
1605 3624 1865 3676 Boeotiae
1919 3623 1975 3675 in
2038 3625 2222 3674 monte
2292 3619 2657 3688 (Cithaerone)
2721 3616 2756 3669 Ι

475 3713 530 3763 et
586 3709 972 3764 Constantinus
1028 3709 1129 3763 filii
1184 3710 1547 3778 Augustorum
1678 3713 1762 3775 90,
1806 3714 1887 3765 17.

476 3798 817 3867 appellantur
857 3804 909 3864 (a
937 3787 1261 3851 Maximiano
1293 3797 1547 3866 Galerio),
1606 3802 1758 3855 Bona
1801 3801 1921 3853 Dea
1968 3799 1995 3851 I
2036 3800 2143 3866 [89,
2185 3798 2294 3867 19.]
2335 3798 2455 3861 687,
2494 3799 2577 3850 21.
2634 3797 2756 3851 eius

473 3887 603 3940 ibid.
645 3888 764 3950 210,
796 3889 844 3939 2.
887 3886 952 3941 cf.
986 3892 1154 3956 pater,
1182 3886 1313 3942 ibid.
1351 3888 1466 3948 192,
1499 3888 1546 3943 3.
1678 3889 1838 3942 aedes
1874 3889 1902 3941 Ι
1942 3890 2064 3951 245,
2109 3889 2172 3940 17
2215 3887 2304 3953 (cf.
2346 3888 2378 3940 9
2418 3891 2529 3953 ss.).

402 3976 721 4029 Aurelianus
773 3976 1055 4029 ecclesiam
1103 3977 1353 4045 persequi
1402 3978 1548 4045 cogi·
1606 3978 1693 4047 [de
1739 3977 1868 4030 boni
1916 3977 2123 4045 origine
2172 3979 2228 4029 et
2263 3980 2459 4029 natura
2495 3976 2522 4028 I
2560 3975 2679 4038 130,
2719 3977 2752 4029 5

473 4069 581 4117 tat:
643 4063 988 4118 Caenofrurio
1054 4065 1192 4117 falsa
1246 4065 1549 4133 suspicione
1678 4066 1799 4119 adn.
1855 4083 1923 4119 cr.
1965 4070 1993 4129 ξ
2032 4065 2063 4116 3
2104 4065 2197 4132 ss.]
2257 4064 2387 4132 quid
2435 4064 2509 4116 sit
2552 4064 2755 4117 bonum

476 4153 542 4205 ab
593 4153 777 4206 amicis
824 4153 1179 4221 interemptus
1224 4154 1280 4205 Π
1324 4155 1381 4207 Μ
1431 4156 1547 4218 179,
1679 4160 1735 4208 et
1781 4156 1981 4207 malum
2019 4153 2048 4205 I
2084 4153 2208 4216 498,
2247 4153 2317 4206 20
2356 4170 2424 4206 ss.
2483 4169 2576 4205 cur
2621 4151 2758 4205 deus

479 4242 704 4294 14-21.
1675 4243 1875 4296 bonum
1916 4247 1971 4296 et
2007 4242 2207 4295 malum
2245 4240 2452 4295 homini
2491 4258 2755 4310 proposu-

405 4348 559 4383 aures
598 4330 741 4384 unde
777 4347 969 4383 nomen
1009 4330 1245 4383 habeant
1281 4330 1337 4382 II
1375 4331 1457 4393 29,
1498 4331 1546 4384 3.
1678 4332 1803 4385 erit:
1866 4331 1934 4387 cf.
1979 4332 2197 4384 malum.
2257 4361 2323 4369 —-
2379 4330 2582 4382 bonum
2639 4329 2760 4382 sine

479 4437 658 4473 earum
705 4417 876 4472 forma
924 4423 979 4472 et
1025 4435 1152 4472 usus
1190 4420 1246 4472 ΙΙ
1285 4420 1369 4483 28,
1418 4403 1583 4495 15-1
1675 4421 1817 4473 malo
1871 4436 1986 4472 esse
2041 4437 2148 4472 non
2196 4422 2379 4488 potest
2422 4418 2450 4470 Ι
2498 4418 2620 4479 537,
2674 4420 2758 4471 16.
