3132 5043
554 445 681 507 194
1093 441 1193 493 De
1250 440 1638 494 mortibus
1694 443 2291 509 persecutorum

546 636 657 699 fiet
702 640 777 700 ut
824 656 940 719 ego
989 657 1110 701 non
1159 636 1397 719 possim
1448 638 1652 701 facere
1701 656 1860 718 quae
1909 637 2124 701 uelim.
2190 656 2298 701 eos
2347 638 2546 720 igitur
2593 637 2841 716 oportet

549 744 894 825 nuncupari
951 744 1059 825 qui
1116 743 1246 808 sint
1299 743 1361 806 in
1421 763 1563 807 mea
1617 746 1955 825 potestate,
2007 744 2114 825 qui
2171 744 2456 820 timeant,
2520 742 2628 824 qui
2684 741 2840 804 nihil

460 854 526 906 12
548 848 781 912 faciant
827 849 949 913 nisi
997 868 1137 912 meo
1185 849 1411 915 iussu’.
1461 887 1548 893 —
1642 855 1821 930 ‘quos
1871 868 2015 932 ergo
2073 849 2446 913 faciemus?
2494 885 2580 894 ——
2628 847 2839 912 ‘Seue-

544 964 709 1019 rum’
774 956 997 1038 inquit.
1064 993 1149 1002 —
1217 957 1501 1019 ‘illumne
1560 957 1944 1020 saltatorem
2010 957 2433 1019 temulentum
2500 955 2837 1028 ebriosum,

548 1063 650 1126 cui
716 1083 833 1126 nox
896 1082 1007 1144 pro
1077 1062 1176 1125 die
1233 1067 1332 1125 est
1388 1067 1451 1126 et
1507 1062 1641 1125 dies
1700 1082 1809 1144 pro
1860 1065 2109 1127 nocteP'
2157 1100 2235 1108 —
2291 1062 2588 1145 ‘dignus’,
2636 1060 2843 1142 inquit

548 1170 865 1250 ‘quoniam
924 1169 1238 1232 militibus
1295 1169 1569 1232 fideliter
1625 1169 1917 1250 praefuit,
1979 1176 2042 1232 et
2099 1189 2243 1232 eum
2299 1168 2447 1231 misi
2514 1168 2592 1231 ad
2649 1167 2840 1229 Maxi-

458 1282 525 1334 13
549 1275 847 1350 mianum,
889 1279 961 1339 ut
1008 1276 1082 1338 ab
1134 1295 1204 1339 eo
1253 1276 1595 1339 induatur’.
1645 1312 1730 1322 —
1823 1279 2002 1339 ‘esto.
2054 1277 2324 1339 alterum
2369 1295 2558 1357 quem
2599 1273 2840 1337 dabis?’

546 1382 906 1471 —1‘hunc'
972 1382 1177 1464 inquit
1244 1383 1581 1445 ostendens
1657 1382 1883 1445 Daiam
1980 1382 2454 1447 adulescentem
2531 1381 2840 1463 quendam

547 1489 1064 1565 semibarbarum,
1133 1509 1319 1570 quem
1384 1508 1604 1552 recens
1669 1489 1947 1552 iusserat
2010 1489 2423 1553 Maximinum
2490 1488 2703 1551 uocari
2768 1487 2841 1550 de

549 1616 664 1659 suo
723 1597 992 1661 nomine.
1061 1617 1203 1660 nam
1254 1601 1316 1659 et
1363 1597 1486 1678 ipsi
1537 1596 1976 1660 Diocletianus
2024 1616 2249 1660 nomen
2300 1615 2370 1659 ex
2416 1598 2593 1678 parte
2641 1597 2843 1658 muta-

551 1707 730 1766 uerat
786 1704 1012 1767 ominis
1073 1724 1282 1779 causa,
1335 1705 1479 1786 quia
1527 1705 1946 1767 Maximianus
2007 1704 2194 1767 fidem
2245 1723 2495 1767 summa
2541 1701 2841 1784 religione

351 1830 440 1864 ιω,
464 1816 529 1868 14
550 1810 927 1892 praestabat.
974 1848 1061 1855 —-
1123 1811 1285 1891 ‘quis
1354 1813 1451 1874 est
1514 1811 1617 1874 hic
1655 1810 1658 1893 j
1697 1829 1880 1892 quem
1947 1809 2103 1872 mihi
2170 1810 2420 1874 offers?
2476 1847 2563 1855 --
2620 1815 2840 1871 ‘meus‘

548 1917 755 2000 inquit
791 1915 1059 1981 ‘affinis‘.
1092 1954 1177 1961 —
1209 1920 1273 1980 at
1300 1917 1408 1980 ille
1440 1917 1876 1999 gemebundus
1908 1922 2049 1979 ‘non
2080 1916 2338 1980 idoneos
2370 1916 2658 1979 homines
2687 1915 2842 1978 mibi

552 2025 661 2088 das
703 2024 934 2105 quibus
974 2024 1179 2086 tutela
1214 2023 1301 2087 rei
1339 2023 1632 2105 publicae
1664 2023 1978 2087 committi
2006 2023 2252 2105 possit'.
2285 2060 2369 2068 —
2400 2021 2685 2105 ‘probaui
2717 2028 2842 2085 eos'

549 2131 775 2211 inquit.
824 2168 910 2176 -
969 2136 1058 2193 ‘tu
1116 2130 1373 2208 uideriS,
1433 2130 1542 2212 qui
1609 2130 1888 2213 regimen
1955 2130 2203 2212 imperii
2271 2132 2688 2210 suscepturus
2757 2147 2840 2190 es.
2903 2151 2922 2185 z

462 2243 527 2297 15
550 2256 667 2321 ego
736 2238 893 2301 satis
959 2237 1245 2300 laboraui
1312 2241 1374 2300 et
1429 2237 1680 2319 prouidi
1738 2236 2270 2317 quemadmodum
2333 2255 2432 2299 me
2498 2235 2842 2315 imperante

548 2363 647 2407 res
703 2344 963 2427 publica
1018 2347 1216 2407 staret
1270 2344 1630 2407 incolumis.
1689 2344 1746 2407 si
1793 2343 1944 2425 quid
1994 2342 2335 2407 accesserit
2381 2342 2653 2416 aduersi,
2704 2360 2842 2404 mea

550 2452 739 2533 culpa
785 2469 906 2514 non
957 2451 1115 2514 erit’.

499 2566 524 2618 1
643 2559 745 2623 19.
842 2557 1002 2623 Cum
1048 2559 1204 2621 haec
1254 2560 1468 2620 essent
1505 2557 1873 2632 constituta,
1914 2557 2274 2639 proceditur
2310 2556 2616 2620 Kalendis
2657 2556 2839 2621 Mais

553 2664 1040 2730 Constantinum
1088 2683 1303 2728 omnes
1351 2664 1780 2740 intuebantur,
1820 2664 1995 2727 nulla
2042 2667 2172 2727 erat
2215 2664 2557 2727 dubitatio:
2605 2663 2842 2726 milites

554 2772 662 2852 qui
711 2771 968 2834 aderant
1016 2775 1079 2834 et
1126 2772 1428 2853 primores
1477 2771 1760 2834 militum
1810 2772 1996 2834 electi
2045 2774 2107 2834 et
2153 2771 2340 2835 acciti
2379 2790 2450 2834 ex
2487 2770 2843 2853 legionibus

552 2880 614 2942 in
672 2879 838 2941 hunc
898 2897 1092 2940 unum
1144 2878 1371 2941 intenti
1413 2878 1801 2960 gaudebant,
1853 2878 2154 2960 optabant
2202 2882 2266 2941 et
2311 2882 2463 2941 uota
2508 2877 2842 2941 faciebant.

494 2989 685 3048 2erat
740 2986 920 3048 locus
979 2985 1147 3048 altus
1207 2987 1378 3048 extra
1435 2985 1764 3048 ciuitatem
1822 2984 1899 3047 ad
1955 2985 2132 3048 milia
2187 2986 2312 3048 fere
2359 2985 2502 3061 tria,
2548 2985 2612 3047 in
2664 2983 2843 3047 cuius

553 3110 802 3155 summo
852 3092 1270 3155 Maximianus
1318 3092 1455 3172 ipse
1503 3111 1844 3173 purpuram
1897 3094 2275 3173 sumpserat,
2317 3095 2379 3155 et
2417 3092 2508 3154 ibi
2555 3091 2845 3154 columna

496 3201 759 3263 3fuerat
814 3204 1019 3263 erecta
1078 3220 1222 3264 cum
1277 3201 1452 3264 Iouis
1516 3200 1718 3283 signo,
1787 3219 1858 3263 eo
1909 3199 2211 3282 pergitur.
2306 3199 2514 3263 contio
2565 3198 2842 3262 militum

553 3310 955 3371 conuocatur.
1011 3307 1234 3388 incipit
1282 3326 1468 3370 senex
1517 3326 1661 3370 cum
1708 3306 2013 3382 lacrimis,
2064 3306 2410 3386 alloquitur
2455 3305 2726 3368 milites:
2779 3322 2842 3366 se

623 3568 657 3619 4
695 3567 1052 3620 tumulentum
1101 3568 1158 3632 (1,
1197 3584 1332 3620 corr.
1373 3568 1489 3620 Bal
1599 3571 1630 3619 (5
1669 3567 1908 3637 praefuit
1945 3567 2025 3620 ed.
2074 3567 2248 3622 Oxon.
2276 3570 2433 3620 1680
2459 3567 2521 3618 in
2550 3566 2839 3618 Emendat.

544 3674 603 3724 p.
634 3659 765 3721 108,
790 3656 957 3709 etima
983 3656 1270 3708 Bentleius
1296 3656 1402 3724 leg.
1435 3656 1673 3724 praefuit
1704 3657 1949 3722 ascrips,
1989 3656 2239 3724 praebuit
2274 3655 2318 3708 C
2424 3657 2454 3707 9
2492 3655 2842 3708 Maximinum

552 3746 687 3810 Bal,
715 3745 1094 3797 maximianum
1131 3745 1175 3797 C
1284 3746 1348 3798 10
1387 3762 1507 3797 nam
1546 3744 1707 3810 Gale,
1735 3746 1839 3798 iam
1878 3745 1924 3797 C
2031 3747 2091 3797 11
2136 3745 2328 3797 ominis
2359 3745 2438 3797 ed.
2477 3743 2842 3804 Oxon.1680,

552 3835 786 3888 hominis
832 3834 878 3886 0
986 3836 1051 3887 12
1083 3839 1210 3902 post
1247 3834 1401 3886 offers
1442 3837 1481 3886 2
1519 3835 1622 3886 litt.
1665 3833 1813 3900 (aff)
1854 3850 1946 3900 er„
1991 3833 2037 3886 C
2144 3834 2208 3886 13
2248 3833 2401 3885 afinis
2439 3832 2485 3885 0
2624 3831 2842 3885 idoneos

551 3923 879 3991 LeNourry,
931 3922 1083 3975 ideos
1142 3925 1281 3987 (non
1315 3929 1454 3976 recte
1496 3921 1806 3990 LeNourry
1852 3927 1900 3975 et
1936 3922 2164 3990 Lenylet
2198 3921 2377 3987 ideos)
2423 3921 2494 3985 Ο,-
2537 3920 2717 3988 inquit
2754 3936 2842 3972 eos

555 4013 672 4064 Bal
793 4014 858 4064 14
897 4013 1080 4065 comiti
1125 4011 1172 4063 (J
1278 4013 1342 4064 17
1383 4010 1641 4064 acciderit
1682 4010 1825 4064 Gale
1935 4012 2001 4064 19
2035 4009 2106 4064 'xl
2140 4010 2275 4063 mais
2320 4010 2366 4063 G
2478 4010 2543 4062 21
2586 4009 2843 4078 primores

561 4100 877 4166 Columbae,
912 4101 1115 4170 priores
1164 4101 1206 4153 C
1351 4105 1479 4153 ante
1517 4101 1674 4153 acc-iti
1714 4117 1786 4153 er.
1815 4117 1904 4154 aro
1939 4106 2003 4152 ut
2037 4100 2174 4166 uid„
2210 4099 2256 4151 C
2359 4100 2427 4151 22
2467 4099 2753 4166 opitabant
2788 4097 2843 4163 G,

553 4206 691 4245 corr.
724 4190 840 4241 Bal
948 4191 1015 4242 24
1053 4190 1338 4241 Maximius
1368 4195 1523 4256 part.
1552 4206 1594 4242 ε.
1625 4190 1657 4242 l.
1687 4191 1748 4241 in
1774 4190 2128 4242 Maximianus
2159 4205 2294 4241 corr.
2331 4188 2377 4239 C
2517 4189 2781 4239 sumserat
2805 4185 2849 4237 C

556 4279 624 4332 25
664 4279 850 4331 concio
895 4278 941 4331 C
1044 4280 1112 4330 26
1152 4278 1344 4346 incipit
1382 4278 1613 4330 Brandt
1650 4282 1754 4342 (an
1792 4296 1968 4336 senex,
2009 4295 2128 4330 cum
2164 4277 2398 4330 lacrimis
2438 4274 2733 4343 alloquitur
2762 4274 2843 4325 di-

551 4367 937 4436 stinyuendum
950 4367 1024 4433 ?)‚
1063 4367 1242 4435 inquit
1277 4366 1334 4431 C,
1374 4366 1521 4434 quod
1548 4368 1744 4420 retinet
1766 4369 1884 4420 Bal
1895 4387 1911 4431 ;
1946 4367 2002 4419 in
2041 4383 2146 4436 qua
2181 4365 2492 4431 ColumbuS,
2519 4365 2647 4417 item
2673 4364 2843 4416 Bent-

2901 1081 2922 1118 5

2880 1616 2925 1654 10

2877 2683 2923 2723 20

2881 3212 2927 3252 25
