3132 5043
1158 433 1747 502 Prolegomena.
2414 439 2596 502 XVII

297 626 470 708 quod
529 629 722 709 caput
775 627 860 690 48
917 626 1225 690 Mortium
1286 625 1522 691 Graece
1581 627 1883 703 continet,
1936 628 2359 710 suspicionem
2418 629 2594 693 illam

296 733 488 800 ualde
538 733 729 797 debet
771 752 1021 816 augere.
1070 733 1336 797 Accedit
1373 732 1543 815 quod
1583 734 1851 816 scriptor
1884 734 2190 799 Mortium
2228 755 2349 799 non
2391 737 2597 800 solum

296 830 606 904 uniuersa
678 839 905 922 peritia
980 839 1290 904 sermonis
1356 840 1586 915 Latini,
1653 840 1765 904 sed
1829 840 2022 904 etiam
2088 844 2219 905 arte
2284 842 2598 906 scribendi

298 947 647 1029 multiplici
703 945 1005 1027 uariaque
1064 948 1129 1010 et
1184 944 1262 1009 ad
1320 946 1531 1010 omnia
1590 965 1819 1033 genera
1873 966 2080 1011 rerum
2131 967 2198 1011 se
2245 948 2598 1031 applicante

302 1053 576 1131 excellit,
639 1053 744 1117 cui
798 1052 974 1116 laudi
1033 1071 1105 1116 eo
1154 1071 1276 1116 non
1326 1054 1603 1117 multum
1653 1052 2020 1129 detrahitur,
2072 1053 2239 1134 quod
2284 1054 2599 1119 interdum

298 1161 493 1241 paulo
541 1147 981 1243 neglegentior
1027 1147 1284 1223 uidetur
1330 1178 1469 1223 esse
1518 1161 1630 1223 aut
1675 1162 1737 1223 in
1780 1159 2209 1224 describendis
2257 1161 2441 1225 rebus
2490 1165 2602 1225 aut

298 1266 366 1329 in
433 1266 792 1330 elocutione
860 1265 1324 1330 conformanda.
1391 1265 1511 1330 His
1580 1267 1655 1330 de
1721 1267 1930 1331 causis
1998 1287 2119 1332 non
2185 1268 2509 1350 potuimus
2568 1289 2601 1331 a

300 1372 485 1436 nobis
544 1372 903 1455 impetrare,
950 1375 1026 1436 ut
1082 1372 1276 1435 etiam
1335 1392 1408 1436 ea
1453 1372 1551 1436 illi
1600 1373 2058 1438 ascriberemus
2109 1374 2324 1439 codice
2372 1374 2604 1438 tradita

302 1498 465 1562 quae
531 1479 728 1543 uariis
797 1478 1081 1543 artificiis
1148 1479 1360 1560 aliqua
1423 1480 1693 1545 foitasse
1758 1481 2000 1544 ratione
2068 1482 2347 1546 excusari
2414 1501 2602 1564 posse

298 1587 692 1662 uiderentur,
751 1586 864 1651 sed
916 1586 979 1649 in
1035 1585 1194 1650 locis
1254 1587 1569 1651 eiusmodi
1624 1588 2019 1652 coniecturas
2074 1589 2356 1670 priorum
2414 1592 2602 1670 atque

301 1694 499 1757 etiam
568 1696 836 1770 nostras,
903 1692 1016 1756 ubi
1079 1693 1226 1757 illae
1292 1692 1581 1758 sufficere
1648 1714 1767 1759 non
1827 1694 2224 1771 uidebantur,
2283 1696 2345 1759 in
2411 1715 2602 1760 usum

300 1800 630 1865 uocandas
697 1819 835 1864 esse
904 1799 1431 1864 existimauimus
1500 1802 1708 1882 Atque
1774 1804 1847 1866 ut
1911 1801 2072 1864 nihil
2147 1802 2329 1866 nobis
2394 1802 2597 1886 magis

304 1890 664 1989 optandum
721 1925 861 1970 esse
918 1909 1134 1989 potest
1192 1926 1381 1989 quam
1430 1908 1484 1971 si
1530 1907 1658 1971 uiri
1714 1908 1886 1973 docti
1942 1927 2063 1973 non
2119 1909 2310 1972 nimis
2369 1928 2482 1972 nos
2538 1908 2600 1972 in

304 2013 758 2079 constituendo
815 2016 993 2077 textu
1050 2013 1197 2077 libri
1247 2033 1282 2077 a
1327 2017 1502 2078 recta
1545 2015 1654 2079 uia
1710 2014 2032 2079 aberrasse
2090 2015 2467 2093 censuerint,
2515 2015 2604 2079 ita

302 2140 664 2204 speramuS,
733 2140 877 2184 cum
943 2122 1071 2184 iam
1137 2121 1201 2184 in
1266 2124 1566 2204 promptu
1634 2121 1928 2186 omnibus
1997 2122 2179 2204 quasi
2253 2123 2337 2186 sit
2412 2122 2606 2186 codex

305 2231 503 2311 atque
566 2230 802 2310 pateat,
859 2226 1004 2291 illos
1061 2227 1238 2309 ipsos
1290 2247 1539 2309 quoque
1586 2228 1865 2292 remedia
1926 2229 2254 2293 adlaturos
2322 2247 2459 2293 esse
2524 2228 2604 2291 iis

302 2335 467 2425 locis
529 2354 796 2416 quorum
854 2352 1007 2397 uera
1061 2334 1266 2398 forma
1319 2333 1600 2398 nondum
1666 2336 1915 2416 reperta
1974 2337 2091 2398 est.
2157 2335 2382 2399 Plures
2441 2335 2605 2398 enim

215 2442 229 2450 '
308 2440 448 2503 sine
512 2438 706 2502 dubio
771 2442 986 2503 nostra
1053 2441 1260 2502 aetate
1321 2457 1504 2502 curas
1561 2439 1813 2503 criticas
1869 2439 2185 2505 Mortibus
2232 2440 2608 2505 tribuissent

307 2568 507 2630 quam
582 2548 961 2624 tribuerunt,
1039 2547 1094 2611 si
1173 2546 1379 2628 qualis
1464 2550 1675 2611 textus
1753 2547 1968 2612 codice
2046 2546 2406 2612 Colbertino
2485 2554 2607 2612 tra-

308 2655 488 2719 ditu-s
539 2657 712 2719 esset
768 2656 1201 2736 quantumque
1259 2672 1442 2718 curas
1501 2654 1645 2717 illas
1705 2653 2111 2730 desideraret,
2171 2653 2327 2718 satis
2374 2655 2609 2719 fuisset

307 2764 555 2826 notum.

308 2880 325 2888 ”
402 2867 810 2933 Subiecimus
877 2866 1077 2930 textui
1143 2868 1479 2931 nonnullos
1530 2867 1726 2933 ‘locos
1794 2870 2125 2932 auctorum
2195 2868 2610 2949 expilatorum

308 2975 583 3039 similes'
649 2974 961 3038 eiusmodi
1027 2974 1433 3055 potissimum
1503 2975 1614 3056 qui
1675 2975 1860 3039 illum
1927 2974 2250 3039 adfinitate
2323 2974 2609 3057 ipsorum

309 3082 658 3146 uerborum
724 3080 994 3163 quadam
1062 3081 1407 3164 attingunt.
1455 3081 1812 3145 Paucorum
1877 3080 2218 3146 uerborum
2266 3082 2611 3145 coniuncti-

308 3208 468 3253 ones
514 3188 872 3271 breuesque
908 3188 1264 3253 locutiones
1306 3188 1547 3252 adferre
1587 3189 1930 3266 noluimuS,
1969 3188 2084 3252 has
2124 3189 2611 3254 Buenemannus

309 3295 580 3379 largiter
626 3294 905 3377 praebet.
954 3294 1192 3360 Prioris
1248 3294 1426 3359 illius
1485 3295 1733 3378 generis
1789 3295 1965 3358 locos
2016 3297 2080 3359 et
2127 3294 2399 3358 editores
2447 3295 2613 3359 Mor-

306 3404 481 3467 tium
520 3405 587 3464 et
624 3401 733 3464 alii
769 3401 891 3465 uiri
929 3401 1101 3466 docti
1137 3402 1517 3466 inuenerunt
1538 3400 1613 3486 ⁵),
1663 3402 1787 3484 ipsi
1832 3420 2181 3484 perpaucos
2229 3401 2610 3465 addidimus

388 3612 429 3680 ⁵)
449 3611 690 3663 Nomina
731 3609 1090 3663 recentiorum
1139 3609 1473 3679 quorundam
1521 3609 1870 3673 eruditorum,
1920 3625 2144 3678 quorum
2193 3609 2360 3678 copiis
2406 3609 2461 3661 in
2514 3609 2611 3663 illa

305 3717 369 3753 re
408 3701 495 3752 usi
534 3715 734 3759 samue,
774 3699 831 3750 in
866 3697 1052 3752 Indice
1092 3699 1448 3768 expilatorum
1486 3715 1525 3750 e.
1566 3715 1617 3754 u.
1659 3696 2024 3751 ‘Constantini
2063 3697 2235 3750 oratio
2277 3696 2347 3749 ad
2395 3701 2613 3751 sancto-

305 3805 432 3841 rum
471 3786 707 3841 coetum'
746 3786 959 3839 adiecta
995 3790 1144 3849 sunt;
1186 3786 1251 3843 cf.
1293 3787 1456 3840 etiarn
1484 3786 1723 3839 Iudicem
1753 3789 2030 3838 auctorum
2069 3803 2108 3841 s,
2140 3802 2190 3838 u.
2233 3786 2607 3854 ‘Panegyrici'.

306 3876 615 3931 Addendus
652 3876 744 3929 hic
783 3879 866 3929 est
905 3875 1026 3932 Chr.
1054 3875 1406 3940 AntoniadeS‚
1439 3876 1531 3944 qui
1558 3877 1616 3928 in
1642 3875 1781 3928 libro
1811 3875 2024 3928 Kaiser
2059 3874 2318 3928 Licinius
2354 3874 2613 3943 inscripto

304 3967 554 4036 (Monac.
609 3965 769 4035 1884)
814 3983 866 4035 p.
917 3966 948 4018 6
996 3982 1064 4019 SS.
1111 3964 1408 4017 Eusebium
1456 3966 1510 4016 in
1558 3964 1763 4019 Histor.
1815 3964 2002 4016 eccles,
2057 3980 2118 4015 ex
2168 3963 2306 4015 libro
2358 3963 2616 4015 Mortium

216 4091 221 4096 >
308 4055 612 4124 sumpsisse
642 4053 907 4122 quaedam
937 4069 1074 4121 quae
1104 4057 1199 4106 aut
1226 4052 1465 4105 nondum
1496 4056 1592 4105 aut
1620 4069 1808 4121 parum
1839 4052 2127 4105 obseruata
2158 4055 2325 4114 erant,
2359 4051 2615 4105 ostendit.

308 4144 399 4196 De
435 4142 719 4211 Anonymo
768 4140 975 4194 Valesii
1026 4141 1119 4210 qui
1170 4141 1477 4211 appellatur
1519 4141 1587 4194 cf.
1640 4140 1929 4203 Hunziker‚
1976 4141 2099 4193 Zur
2144 4138 2454 4208 Reyiermzq
2498 4140 2621 4192 und

318 4231 897 4298 Christenverfolyuny
935 4230 1028 4284 des
1063 4229 1300 4283 Kaisers
1336 4230 1729 4282 Diocletianus
1766 4228 1934 4297 (Lips.
1979 4228 2138 4296 1868)
2167 4246 2219 4297 p.
2260 4230 2365 4281 212
2403 4227 2526 4281 adn.
2570 4230 2616 4293 1,

309 4323 372 4372 et
429 4321 619 4382 Seeck,
683 4318 997 4372 Geschichte
1053 4319 1146 4373 des
1207 4317 1581 4387 Unteryanyes
1637 4318 1731 4370 der
1796 4317 2024 4370 antiken
2087 4317 2245 4380 Welt,
2286 4318 2312 4368 I
2369 4317 2616 4387 Append.

370 4446 558 4484 xxvn.
591 4445 721 4483 Laet.
753 4447 794 4483 2.
822 4441 937 4484 fasc.
967 4446 1006 4483 2.
2511 4422 2542 4473 b
