3132 5043
488 447 736 511 XXIIII
1342 444 1931 512 Prolegomena.

491 640 666 717 tulit,
717 660 842 721 qua
888 659 975 716 re,
1025 639 1173 721 quia
1218 638 1504 704 Bauldrii
1554 639 1749 703 editio
1801 639 1956 704 satis
2005 658 2143 703 rara
2199 643 2316 717 est,
2364 659 2520 704 usus
2571 658 2791 704 eorum

492 747 702 811 multo
752 747 958 810 factus
1010 750 1109 810 est
1156 747 1569 810 commodior.

586 888 681 952 De
722 887 1000 952 editione
1040 908 1229 969 quam
1275 888 1531 953 Nicol.
1581 889 1682 952 Le
1712 888 1771 951 N
1789 908 2026 971 ourry
2071 888 2421 952 monachus
2460 888 2792 951 Maurinus

501 995 789 1073 confecit,
813 998 958 1077 post
982 1013 1054 1058 33
1083 1013 1251 1075 (1333
1263 1015 1322 1077 p.
1348 994 1523 1059 VIII.
1545 995 1636 1058 Xl
1668 1014 1717 1059 s.
1743 995 2343 1070 demonstrauimuS,
2364 1013 2566 1075 pauca
2588 994 2795 1058 dicen-

503 1100 580 1164 da
619 1105 786 1165 sunt.
837 1100 1149 1183 Inscripta
1186 1104 1285 1164 est
1324 1099 1512 1164 [mcii
1557 1099 1774 1165 Cecilii
1812 1100 2000 1165 Liber
2036 1101 2147 1163 Ad
2179 1100 2506 1164 Donatum
2551 1098 2799 1178 Confes—

499 1227 701 1271 sorem
744 1206 848 1271 De
897 1205 1216 1270 Mortibus
1264 1204 1762 1288 Persecutorum,
1810 1207 2105 1272 hactenus
2152 1206 2347 1271 Lucio
2393 1205 2604 1270 Caelio
2651 1206 2720 1269 F
2714 1207 2799 1268 ir—

502 1314 714 1377 miano
776 1313 1109 1379 Lactantio
1173 1314 1545 1395 adscm'ptus,
1609 1316 1719 1378 Ad
1790 1313 2207 1378 Colbertinum
2272 1314 2538 1377 codicem
2600 1313 2799 1376 denuo

506 1421 887 1484 emendatus
934 1419 1217 1485 Accessit
1262 1419 1667 1501 Dissertati0‚
1717 1421 1801 1484 In
1848 1443 1972 1502 qua
2020 1422 2094 1485 de
2137 1421 2326 1485 huius
2372 1421 2517 1486 libri
2554 1425 2801 1484 auctore

508 1527 887 1609 disputatur,
937 1527 998 1590 <sc
1043 1527 1254 1591 omnia
1310 1527 1483 1591 illius
1537 1528 1673 1590 loca
1734 1528 1942 1608 dubia,
1993 1528 2305 1611 difficilia,
2361 1528 2641 1608 obscura,
2696 1549 2801 1590 va-

507 1635 761 1719 riaeque
808 1634 1081 1698 auctoris
1125 1635 1451 1715 opiniones
1507 1635 1973 1718 earaminantur,
2023 1635 2433 1716 explicantur,
2480 1634 2803 1698 illustran-

512 1743 632 1805 tur.
685 1738 906 1804 Studio
954 1741 1014 1803 ὤ·
1060 1762 1251 1821 opera
1296 1739 1384 1804 D.
1432 1739 1767 1805 Nicolai
1813 1739 1915 1805 Le
1946 1740 2268 1826 Nourry
2314 1740 2695 1825 Presbyteri,
2744 1740 2805 1803 ab

511 1845 818 1911 Monachi
891 1845 1150 1910 Ordinis
1215 1845 1280 1911 S.
1347 1845 1694 1929 Benedicti,
1770 1869 1801 1912 e
1873 1847 2356 1931 Conyreyatione
2421 1845 2484 1910 S.
2553 1846 2803 1911 Mauri.

514 1952 858 2017 Parisiis
896 1958 1106 2017 1710.
1154 1955 1419 2019 Textum
1459 1955 1728 2032 Baluzii,
1766 1958 1841 2019 ut
1884 1956 2012 2019 iam
2064 1956 2305 2019 dictum
2345 1958 2463 2032 est,
2502 1936 2804 2017 instruxit

512 2060 595 2123 iis
651 2060 1034 2125 lectionibus
1095 2060 1442 2126 Colbertini
1498 2080 1658 2143 quae
1716 2062 1774 2124 31
1831 2061 2155 2145 grauiores
2212 2061 2611 2126 uidebantur.
2660 2061 2805 2143 Ipse

515 2166 935 2249 paucissimas
995 2168 1384 2250 corruptelas
1443 2168 1729 2246 sustulit,
1787 2169 1971 2250 plura
2028 2167 2304 2250 sumpsit
2357 2187 2428 2231 ex
2482 2167 2806 2232 Bauldrio.

520 2273 980 2339 Disseltatione
1030 2293 1217 2357 quam
1265 2274 1325 2337 in
1376 2274 1566 2338 titulo
1617 2274 1910 2338 editionis
1956 2275 2260 2350 nominat,
2298 2273 2365 2336 id
2401 2273 2812 2355 potissimum

518 2380 808 2460 sequitur
856 2381 1215 2455 consilium,
1263 2385 1337 2445 ut
1391 2381 1624 2444 librum
1674 2380 1980 2445 Mortium
2031 2401 2151 2445 non
2201 2400 2235 2444 a
2281 2380 2610 2444 Lactantio
2662 2378 2812 2443 scri-

520 2490 702 2569 ptum
751 2506 891 2552 esse
941 2491 1156 2553 contra
1200 2487 1534 2552 Baluzium
1597 2487 2006 2552 demonstret.
2064 2488 2243 2552 Hanc
2302 2486 2813 2552 dissertationem

521 2595 759 2676 recepit
796 2596 982 2658 etiam
1023 2595 1087 2658 in
1125 2594 1515 2678 Apparatum
1556 2594 1633 2658 ad
1664 2594 2129 2659 Bibliothecam
2158 2595 2496 2658 Maximam
2528 2599 2814 2658 veterum

524 2700 809 2777 Patrum,
860 2703 984 2767 uol.
1030 2702 1092 2765 II
1142 2701 1369 2785 (Paris.
1426 2699 1626 2788 1715)
1674 2721 1735 2783 p.
1796 2701 2251 2769 1643—1814.

614 2842 773 2906 Post
818 2842 1156 2907 editionem
1198 2843 1444 2908 Baluzii
1492 2844 1765 2909 editores
1804 2846 2135 2922 Lactantii,
2172 2846 2338 2909 inter
2376 2863 2534 2926 quos
2572 2843 2816 2926 primus

527 2953 602 3013 ut
676 2949 946 3015 diximus
1022 2951 1296 3015 Thomas
1363 2951 1584 3034 Spark,
1649 2953 1890 3016 Mortes
1965 2952 2145 3017 libn's
2220 2952 2411 3016 huius
2486 2949 2816 3032 scriptoris

531 3055 774 3119 adicere
841 3058 1146 3122 solebant.
1195 3060 1438 3122 Horum
1508 3062 1719 3123 autem
1788 3059 2098 3124 editorum
2160 3059 2439 3123 omnium
2497 3058 2573 3121 de
2631 3074 2819 3137 opera

531 3180 688 3244 quae
743 3164 873 3228 uol.
931 3164 994 3227 II
1047 3165 1200 3231 fasc.
1263 3168 1293 3228 1
1357 3186 1417 3248 p.
1466 3166 1678 3229 LXIII
1725 3186 1809 3231 33.
1879 3167 2171 3243 diximuS,
2240 3165 2456 3228 eadem
2522 3164 2649 3227 fere
2712 3159 2819 3225 hic

530 3269 769 3333 ualent.
837 3270 1210 3336 Addendum
1278 3275 1484 3337 tamen
1553 3276 1653 3336 est
1716 3273 2287 3349 Heumannum,
2355 3290 2496 3334 cum
2562 3269 2690 3333 iam
2755 3268 2818 3330 in

532 3375 711 3440 Actis
776 3377 1180 3441 Eruditorum
1250 3379 1393 3442 anni
1464 3380 1631 3442 1711
1701 3379 1932 3461 (Lips.)
1997 3399 2057 3460 p.
2115 3380 2245 3442 469
2303 3397 2389 3443 ss,
2446 3377 2509 3439 in
2558 3393 2823 3439 censura

536 3483 829 3547 editionis
868 3484 1174 3549 Mortium
1206 3505 1241 3549 a
1267 3486 1644 3569 LeNourryo
1685 3486 1889 3549 factae
1930 3490 1994 3549 et
2030 3486 2091 3548 in
2120 3484 2484 3568 Appendice
2524 3481 2821 3546 editionis

539 3609 691 3653 3333
752 3589 1071 3673 Symposii
1128 3593 1294 3675 quod
1352 3593 1717 3675 appellabat
1780 3593 2093 3656 Lactantii
2157 3591 2557 3675 (Hanouerae
2628 3586 2824 3671 1722)

535 3717 597 3780 p.
648 3697 778 3759 234
828 3717 934 3773 ss„
985 3718 1108 3780 (133
1146 3699 1220 3762 (13
1261 3699 1533 3763 editione
1576 3701 1825 3783 egimus
1867 3700 1990 3763 uol.
2025 3700 2086 3762 ΙΙ
2117 3699 2271 3762 fasc.
2309 3700 2339 3760 1
2374 3718 2435 3778 p.
2465 3693 2822 3768 XXXVIII,

540 3807 603 3867 et
659 3804 721 3867 in
779 3805 1032 3869 Poecile
1091 3826 1224 3882 sua,
1283 3808 1410 3870 uol.
1450 3789 1563 3869 1ΙΙΙ
1623 3805 1850 3892 (Halae
1904 3806 2098 3888 1729)
2155 3825 2216 3887 p.
2271 3807 2399 3868 360
2448 3823 2534 3867 33.
2587 3800 2825 3865 multas

537 3910 845 3975 Mortium
893 3912 1366 3978 emendationes
1414 3914 1874 3995 proposuisset,
1916 3913 1992 3976 de
2041 3913 2270 3996 quibus
2321 3930 2476 3993 quas
2513 3908 2649 3991 ipse
2688 3926 2829 3989 pro-

541 4018 752 4095 babat,
804 4037 948 4082 cum
997 4020 1179 4083 nouis
1238 4020 1786 4084 emendationibus
1843 4020 1905 4083 in
1954 4019 2122 4084 notis
2172 4017 2467 4082 editionis
2516 4034 2665 4079 3333
2712 4014 2828 4076 La-

542 4125 765 4188 ctantii
811 4122 1203 4210 (Gotting.
1259 4130 1289 4190 1
1317 4128 1496 4208 736)
1542 4127 1820 4210 repetiit,
1861 4127 2112 4189 etiamsi
2150 4144 2334 4208 saepe
2372 4121 2666 4188 facilitati
2706 4139 2832 4202 (133

544 4235 676 4294 erat
722 4232 1114 4297 coniectandi
1160 4235 1349 4297 nimis
1397 4233 1775 4317 indulgeret,
1825 4238 2033 4297 tamen
2081 4233 2183 4296 hic
2233 4251 2483 4315 quoque
2532 4227 2832 4292 eximium

542 4338 780 4421 ingenii
837 4340 937 4403 sui
994 4360 1258 4404 acumen
1313 4342 1739 4424 praestitisse:
1801 4361 1987 4423 quam
2038 4340 2115 4406 ob
2165 4359 2421 4404 causam
2471 4338 2529 4401 ei
2574 4333 2832 4410 laudem
