3132 5043
477 1197 576 1292 11.
644 1195 997 1293 INDEX
1058 1120 1604 1298 NovaM
1666 1197 1806 1303 ΕΤ
1849 1150 2279 1300 RERVM.
2318 1200 2355 1266 ¹>

244 1507 379 1560 Abel
415 1507 442 1559 Ι
479 1508 600 1567 695,
641 1507 690 1561 6.

1436 1507 1626 1561 Adam
1663 1508 1692 1561 1
1734 1482 1850 1571 147,
1894 1512 1941 1563 9.
1988 1511 2108 1573 155,
2149 1512 2199 1564 7.
2241 1512 2358 1573 158,
2401 1514 2483 1566 11.

244 1593 561 1647 Academiae
599 1592 850 1646 conditor
884 1592 1153 1647 Arcesilas
1192 1595 1219 1647 Ι
1262 1596 1380 1658 185,
1440 1595 1686 1650 adfectus
1742 1597 1770 1651 1
1821 1592 1942 1663 535,
2005 1599 2264 1663 10—546‚
2319 1603 2402 1655 22.
2461 1603 2583 1664 553,

314 1683 390 1736 13.
432 1683 719 1752 disciplina
757 1699 818 1736 ex
857 1682 1231 1751 desperatione
1268 1700 1381 1737 ma-

311 1773 465 1824 nauit
524 1771 552 1824 Ι
617 1772 738 1835 266,
805 1773 870 1826 16
945 1788 1013 1826 ss.
1090 1772 1383 1826 Academia

310 1863 557 1913 utrumne
612 1860 958 1929 philosophia
1013 1861 1086 1914 sit
1140 1876 1309 1914 necne
1356 1859 1384 1912 Ι

310 1950 426 2011 220,
467 1951 552 2003 24.
601 1952 874 2017 tamquam
922 1953 1170 2003 senectus
1208 1949 1383 2019 philo·

311 2037 529 2106 sophiae
566 2037 594 2090 Ι
635 2037 753 2102 188,
796 2038 876 2092 19.
907 2039 1026 2102 701,
1062 2038 1141 2093 10.
1173 2055 1383 2091 omnem

311 2126 705 2195 philosophiam
751 2126 1025 2195 iugulauit
1070 2128 1097 2181 Ι
1134 2129 1257 2191 596,
1299 2127 1381 2181 15.

240 2214 243 2217 ’
313 2215 423 2268 eius
462 2216 735 2269 sententia
768 2216 825 2269 Π
853 2215 939 2282 51,
968 2216 1016 2269 8.
1048 2217 1104 2269 in
1135 2233 1198 2270 ea
1225 2217 1381 2286 igno-

310 2305 447 2358 ratio
487 2305 514 2357 Ι
552 2306 673 2371 266,
712 2306 798 2359 21.

245 2392 590 2447 Academicus
652 2411 752 2455 nos
815 2394 982 2464 pallio
1037 2394 1267 2448 retrahit
1322 2411 1383 2448 ac

312 2485 462 2537 uetat
514 2484 761 2555 cuiquam
813 2485 1027 2539 credere
1079 2484 1107 2539 1
1161 2485 1278 2547 192,
1331 2484 1382 2541 3.

307 2589 420 2625 mos
474 2576 531 2626 et
578 2574 893 2629 institutum
942 2574 1383 2629 Academicorum

310 2661 335 2713 1
385 2662 504 2726 133,
552 2665 601 2717 7.
650 2665 934 2718 scientiam
983 2664 1321 2717 sustulerunt
1356 2662 1383 2716 1

313 2749 428 2813 182,
471 2751 555 2806 12.
607 2752 727 2814 188,
770 2753 817 2808 1.
870 2752 989 2816 190,
1030 2752 1079 2806 8.
1138 2751 1259 2814 700,
1298 2752 1382 2805 27.

312 2840 492 2893 omnia
525 2840 736 2895 faciunt
771 2841 977 2895 incerta
1012 2841 1040 2894 Ι
1071 2841 1153 2905 19,
1183 2842 1232 2895 4.
1264 2841 1385 2910 phi·

308 2928 605 2999 los‘ophiam
631 2933 884 2983 euertunt
904 2930 1097 2998 quibus
1119 2929 1187 2983 ad
1208 2930 1387 2983 omnia

310 3017 631 3087 respondere
679 3020 1018 3088 propositum
1071 3022 1153 3072 est
1198 3018 1225 3072 1
1262 3020 1383 3082 606,

315 3108 624 3161 l3.cont1·a
680 3109 892 3162 Stoicos
952 3112 1235 3177 quaerunt,
1294 3124 1388 3160 cur

310 3196 479 3249 multa
530 3195 791 3265 pestifera
844 3198 955 3251 sint
1004 3197 1061 3250 ΙΙ
1120 3197 1238 3262 101,
1300 3197 1383 3260 11,

311 3284 629 3337 Academici
662 3290 793 3338 sunt
832 3285 923 3355 qui
961 3285 1156 3339 uolunt
1203 3289 1384 3341 osten-

315 3372 431 3426 dere
473 3390 663 3427 sensus
710 3373 877 3428 falsos
926 3392 1041 3428 esse
1077 3374 1134 3429 11
1171 3376 1259 3438 31,
1299 3376 1382 3429 19.

314 3462 665 3516 Academicus
721 3463 1024 3518 Carneades
1074 3464 1102 3517 Ι
1151 3465 1276 3529 444,
1331 3466 1383 3522 4.

316 3550 495 3606 Cicero
533 3553 560 3605 Ι
599 3552 649 3616 6,
689 3552 773 3606 20.
814 3552 935 3616 218,
977 3553 1060 3607 15.
1097 3552 1155 3605 ΙΙ
1184 3554 1269 3617 96,
1302 3553 1384 3606 17.

317 3640 454 3710 (133,
496 3643 570 3707 7.)

1510 1685 1739 1749 8—554,
1775 1687 1855 1740 14.
1888 1687 2016 1750 738,
2051 1688 2278 1751 7-739,
2310 1689 2394 1742 22.
2425 1690 2586 1743 multi

1508 1774 1536 1827 Ι
1577 1774 1660 1837 11,
1704 1776 1726 1827 1
1772 1792 1840 1829 ss.
1887 1774 1944 1828 ΙΙ
1996 1776 2114 1839 157,
2167 1776 2230 1829 19
2281 1793 2350 1829 ss.
2404 1794 2586 1831 eorum

1511 1861 1668 1915 sedes
1713 1861 1771 1914 ΙΙ
1817 1863 1904 1926 49,
1954 1866 1985 1918 6
2031 1878 2104 1917 ss.
2154 1882 2186 1918 a
2235 1863 2333 1917 deo
2384 1865 2587 1920 conditi

1511 1953 1638 2003 sunt
1664 1950 1723 2004 11
1755 1952 1873 2016 116,
1904 1952 1951 2005 7.
1988 1953 2105 2015 157,
2128 1954 2212 2006 21.
2241 1970 2369 2006 num
2399 1955 2452 2007 in
2486 1954 2586 2008 deo

1512 2037 1622 2090 sint
1657 2037 1715 2090 ΙΙ
1745 2039 1830 2104 72,
1869 2042 1904 2092 4
1942 2057 2012 2095 88.
2056 2042 2142 2104 73,
2185 2041 2265 2095 19.
2301 2043 2421 2103 107,
2453 2044 2484 2096 3
2516 2061 2585 2099 ss,

1511 2125 1604 2193 qui
1634 2126 1688 2179 in
1712 2125 1811 2179 deo
1835 2127 1947 2180 sint
1974 2127 2030 2180 ΙΙ
2064 2128 2181 2191 108,
2214 2130 2478 2196 23-109,
2504 2133 2585 2187 13.

1518 2214 1766 2269 adfectus
1806 2217 1900 2284 qui
1935 2217 2187 2270 uitiorum
2228 2222 2356 2272 sunt
2383 2219 2438 2272 11
2468 2221 2586 2283 109,

1511 2304 1703 2357 7-10.
1757 2305 1846 2374 qui
1900 2309 2028 2359 sunt
2079 2307 2300 2360 uirtutis
2355 2307 2411 2360 ΙΙ
2466 2309 2584 2371 109,

1514 2393 1740 2447 10-12.
1779 2394 1986 2447 iniusta
2022 2395 2089 2447 ab
2138 2394 2442 2449 adfectibus
2481 2397 2586 2450 ori-

1510 2485 1677 2536 untur
1701 2482 1729 2536 Ι
1749 2482 1872 2547 498,
1909 2484 1952 2537 1.
1985 2483 2287 2538 adfectibus
2315 2484 2587 2553 fragilitas

1509 2576 1699 2626 nostra
1761 2571 2065 2628 succumbit
2118 2572 2176 2625 ΙΙ
2235 2573 2355 2632 107,
2413 2574 2461 2628 8.
2519 2575 2588 2627 iis

1511 2662 1658 2715 uinci
1694 2661 1723 2714 I
1760 2662 1883 2726 371,
1922 2662 1972 2716 9.
2014 2678 2104 2715 eos
2135 2661 2383 2716 cohibere
2412 2662 2440 2715 I
2464 2663 2587 2728 566,

1516 2751 1599 2805 17.
1657 2766 1909 2820 superare
1963 2750 1993 2804 Ι
2048 2751 2170 2815 743,
2217 2751 2268 2804 8.
2307 2751 2591 2822 Ραῒίθῐήία

1511 2840 1581 2894 iis
1646 2839 1899 2909 opposita
1961 2838 1991 2892 Ι
2055 2840 2176 2903 552,
2246 2840 2328 2893 14.
2405 2856 2589 2892 eorum

1512 2927 1743 2981 sedatio'
1775 2927 1805 2981 Ι
1852 2927 1975 2992 498,
2032 2928 2114 2982 10.
2166 2927 2251 2981 lex
2299 2927 2368 2981 iis
2411 2929 2590 2997 posita

1512 3016 1540 3069 Ι
1584 3017 1707 3079 567,
1757 3016 1841 3072 10.
1889 3032 2175 3086 peruersus
2228 3033 2411 3070 eorum
2460 3034 2589 3070 usus

1510 3105 1571 3159 ΙΙ
1634 3106 1753 3173 116,
1819 3105 1888 3159 20
1953 3122 2023 3158 ss.
2092 3104 2338 3158 adfectus
2402 3105 2588 3159 iuncto

1514 3195 1693 3248 currui
1744 3193 1948 3247 similes
2005 3193 2034 3246 I
2089 3193 2210 3257 543,
2272 3194 2353 3248 13.
2411 3196 2591 3246 motus

1515 3283 1682 3337 animi
1737 3281 1827 3335 uel
1884 3280 2128 3335 adfectus
2193 3280 2250 3333 11
2315 3282 2435 3342 157,
2502 3281 2587 3334 21.

1514 3370 1780 3441 quidquid
1831 3369 2098 3436 adficitur,
2140 3368 2456 3422 inbecillum
2509 3373 2591 3422 est

1512 3457 1582 3515 ΙΙ
1617 3460 1703 3523 73,
1751 3459 1836 3513 20.
1886 3489 1952 3497 -
2008 3455 2088 3511 Cf.
2141 3457 2349 3510 animus
2402 3457 2590 3526 (animi

1512 3553 1733 3614 motus).

1441 3637 1685 3703 Adonius
1724 3636 1751 3688 Ι
1788 3637 1873 3698 65,
1915 3634 1999 3690 18.

255 3725 462 3782 Acestes
500 3729 528 3782 I
567 3729 652 3793 92,
695 3729 777 3792 10.
829 3729 1058 3812 Acestae
1110 3731 1323 3800 (yenet.)
1359 3729 1386 3783 1
1444 3726 1770 3782 adulterium
1816 3723 1843 3777 Ι
1889 3724 1975 3787 36,
2023 3723 2074 3776 4.
2122 3721 2245 3786 568,
2287 3722 2317 3775 7
2357 3738 2425 3776 ss,
2469 3723 2588 3784 744,

318 3818 399 3882 92,
436 3819 484 3872 9.

257 3904 478 3961 Achilles
517 3907 545 3960 Ι
585 3909 671 3971 93,
710 3909 760 3961 9.

1517 3816 1600 3869 13.
1640 3813 1762 3876 748,
1800 3813 1849 3865 8.

1444 3906 1654 3959 Aeacus
1692 3902 1720 3955 Ι
1759 3902 1882 3965 653,
1925 3901 2005 3954 13.

360 4101 394 4168 ¹)
430 4102 659 4155 Numeri
705 4103 914 4155 romani
960 4102 1025 4170 (Ι.
1072 4101 1147 4162 11)
1201 4101 1329 4152 sunt
1373 4099 1610 4169 partium
1659 4096 1820 4149 huius
1870 4093 2143 4150 editionis,
2193 4090 2395 4173 arabici
2435 4091 2589 4160 pagi-

260 4188 433 4227 narum
471 4180 527 4227 et
563 4183 836 4240 uersuum.
874 4173 1100 4227 Litteris
1136 4172 1219 4226 Ph
1257 4173 1385 4241 post
1420 4186 1702 4222 numerum
1740 4166 1788 4218 Π
1836 4167 2031 4235 positis
2068 4164 2333 4244 Phoenix·
2359 4179 2612 4244 carmen,-

260 4244 431 4300 littera
466 4247 523 4299 M
558 4247 700 4300 liber
727 4246 811 4299 De
848 4244 1116 4298 mortibus
1153 4245 1557 4314 persecutorum¹
1587 4239 1938 4312 significatur.
1979 4268 2045 4276 —
2083 4236 2184 4288 His
2213 4251 2365 4317 unc1s
2407 4234 2465 4302 s]
2504 4250 2589 4286 m-

264 4317 540 4372 eluduntur
578 4316 844 4387 quaedam
884 4334 1021 4386 quae
1049 4321 1178 4368 sunt
1205 4317 1262 4367 in
1289 4314 1425 4367 locis
1456 4312 1684 4366 aliorum
1715 4327 1745 4362 a
1776 4311 2037 4378 scriptore
2068 4306 2283 4373 adlatis,
2313 4310 2593 4375 praeterea

264 4391 431 4457 spuria
469 4389 753 4459 quaedam.
