3132 5043
533 448 593 511 X
1384 445 1968 513 Prolegomena.
2057 446 2066 453 '

533 641 782 705 dextrae
828 644 1004 723 parte
1053 640 1245 704 etiam
1291 640 1641 721 particulae
1690 640 2038 723 scripturae
2078 640 2399 705 abscissae
2449 645 2617 719 sunt,
2658 643 2826 706 idem

535 749 775 811 factum
843 750 941 812 est
1005 746 1068 810 in
1136 746 1526 830 marginibus
1594 745 2026 827 superioribus
2091 746 2390 810 foliorum
2461 749 2540 811 10
2599 750 2662 812 et
2722 751 2825 813 12.

536 853 744 918 Codex
790 855 1004 917 utrum
1053 856 1231 918 totus
1279 852 1356 916 ab
1404 872 1530 917 uno
1575 852 1832 917 librario
1883 852 2159 934 scriptus
2209 853 2295 917 sit
2340 871 2414 917 an
2465 873 2501 917 a
2546 873 2737 918 uersu
2787 858 2825 919 5

532 958 674 1024 folii
730 957 795 1022 ssb
843 957 908 1043 (a
963 978 1099 1040 cap.
1167 960 1270 1037 19,
1334 960 1361 1021 1
1427 959 1765 1023 constituta
1817 957 2202 1043 proceditur)
2260 977 2464 1040 usque
2513 959 2591 1023 ad
2636 960 2826 1024 finem

532 1065 671 1130 folii
719 1064 827 1129 14¹³
874 1064 1106 1149 (usque
1154 1064 1233 1129 ad
1280 1083 1413 1146 cap.
1464 1066 1572 1141 48,
1624 1066 1663 1128 9
1727 1063 2119 1128 Christianis
2173 1065 2242 1127 id
2296 1069 2386 1128 est
2431 1066 2700 1150 corpore)
2749 1066 2824 1130 ab

534 1172 752 1250 altero,
821 1191 1010 1255 quem
1072 1191 1293 1236 rursus
1359 1171 1530 1254 prior
1596 1171 1905 1255 exceperit
1969 1175 2310 1236 extremam
2376 1175 2619 1254 partem
2681 1171 2826 1235 libri

533 1279 892 1356 absoluenS‚
939 1279 1061 1342 hoc
1107 1297 1228 1343 non
1275 1277 1462 1360 plane
1512 1281 1758 1342 certum
1818 1283 1934 1356 est,
1984 1279 2256 1343 fortasse
2313 1277 2481 1342 idem
2529 1278 2824 1343 librarius

535 1384 726 1449 etiam
793 1384 1056 1447 alteram
1115 1387 1379 1465 partem,
1449 1384 1562 1448 sed
1629 1384 1899 1448 celerius
1964 1385 2244 1449 scribens
2308 1392 2372 1448 et
2438 1385 2561 1448 alia
2622 1403 2827 1467 penna

535 1489 787 1570 alioque
854 1491 1202 1552 atramento
1270 1507 1427 1552 usus
1496 1489 1784 1554 confecit.
1849 1489 2025 1554 Idem
2073 1493 2173 1554 est
2220 1489 2412 1553 etiam
2459 1509 2570 1572 per
2615 1493 2825 1554 totum

530 1595 763 1659 librum
830 1613 1030 1678 genus
1094 1595 1581 1679 orthographiae
1654 1595 1951 1677 idemque
2033 1615 2192 1660 usus
2267 1596 2822 1677 frequentissimus

533 1701 873 1767 eorundem
922 1701 1439 1783 compendiorum
1489 1702 1858 1785 scripturae.

619 1809 718 1872 De
782 1808 903 1872 fide
971 1807 1208 1873 codicis
1277 1807 1332 1872 si
1396 1808 1770 1872 uniuersum
1816 1808 1889 1872 fit
1934 1807 2264 1885 iudicium,
2311 1809 2502 1892 longe
2547 1807 2826 1890 plurima

534 1914 881 1979 multorum
930 1934 1090 1996 quae
1137 1913 1354 1978 insunt
1399 1915 1704 1980 uitiorum
1749 1915 1988 1979 librarii
2032 1914 2352 1998 imperitia
2409 1934 2613 1979 errore
2675 1934 2824 1997 neg-

532 2022 813 2105 legentia
868 2025 1014 2085 nata
1070 2024 1219 2085 sunt
1274 2024 1464 2103 atque
1520 2022 1696 2099 talia,
1746 2025 1820 2087 ut
1875 2021 2059 2086 facile
2111 2021 2339 2105 corrigi
2384 2021 2653 2105 possint,
2713 2019 2822 2083 alii

529 2128 655 2193 loci
721 2128 981 2211 grauius
1049 2128 1328 2210 corrupti
1395 2131 1564 2206 sunt,
1634 2128 1890 2210 quidam
1958 2128 2151 2192 etiam
2216 2129 2403 2193 ualde
2468 2126 2823 2211 perturbati

530 2235 988 2318 implicatique.
1040 2234 1239 2317 Saepe
1287 2235 1541 2318 singula
1587 2235 1693 2299 uel
1741 2235 1933 2299 etiam
1978 2236 2162 2318 plura
2207 2235 2404 2299 uerba
2440 2234 2677 2301 omissa
2713 2236 2824 2297 aut

533 2344 685 2406 sunt
749 2345 860 2406 aut
925 2342 1222 2406 uidentur
1286 2361 1448 2407 esse.
1510 2343 1770 2407 Perraro
1837 2341 2255 2425 deprehendis
2316 2360 2475 2423 quae
2530 2341 2822 2405 licentiae

529 2449 770 2512 librarii
836 2448 1078 2514 tribuas
1145 2450 1354 2534 (uelut
1418 2450 1633 2514 addita
1698 2451 1912 2528 uerba,
1981 2468 2035 2514 c.
2095 2452 2201 2528 40,
2252 2451 2291 2513 6
2339 2448 2573 2529 inquit3
2626 2448 2730 2526 50,
2782 2447 2819 2511 6

528 2577 743 2631 3ιιαηι;
794 2559 900 2635 52,
946 2560 976 2620 1
1020 2558 1194 2643 non),
1237 2558 1348 2622 sed
1387 2558 1543 2622 haec
1580 2558 1852 2622 fortasse
1898 2558 2025 2621 iam
2073 2578 2143 2622 ex
2182 2577 2253 2622 eo
2305 2556 2522 2620 codice
2568 2558 2823 2637 recepta

532 2666 681 2726 sunt
740 2682 812 2726 ex
873 2683 995 2746 quo
1046 2663 1445 2729 Colbertinus
1504 2664 1862 2746 descriptus
1921 2667 2035 2729 est.
2093 2663 2292 2729 Cuius
2350 2661 2611 2747 originis
2658 2660 2822 2724 illud

531 2788 670 2833 esse
745 2770 1093 2835 conicimus
1171 2770 1340 2851 quod
1375 2774 1620 2851 ‚exstat
1683 2771 1745 2834 in
1813 2769 2176 2836 Colbertino
2231 2790 2284 2835 c.
2352 2772 2458 2846 45,
2526 2771 2564 2834 2
2626 2767 2821 2831 hieme

717 2868 736 2895 C
740 2870 815 2896 um

533 2931 739 2991 quam·
787 2914 1062 2976 maxime
1127 2914 1397 2976 semente
1455 2911 1622 2993 (add.
1672 2934 1809 2976 cum
1855 2934 1939 2977 m.
1993 2914 2089 2998 1):
2159 2913 2594 2977 existimamus
2661 2908 2819 2973 anti-

533 3018 817 3100 quiorem
862 3020 1047 3084 illum
1094 3021 1377 3086 codicem
1425 3021 1727 3087 habuisse
1766 3040 1903 3083 cum
1939 3021 2228 3098 maxime,
2269 3020 2347 3083 ad
2396 3019 2556 3083 hanc
2604 3018 2821 3080 autem

530 3124 918 3189 locutionem
972 3127 1184 3191 minus
1241 3127 1546 3191 usitatam
1604 3127 1921 3211 glossema
1976 3147 2164 3210 quam
2219 3125 2609 3206 adscriptum
2658 3141 2818 3199 esse,

533 3230 756 3295 deinde
801 3232 1127 3298 librarium
1177 3234 1414 3300 codicis
1457 3233 1503 3299 C
1551 3254 1685 3297 rem
1729 3233 2089 3309 inuertisse,
2128 3233 2221 3296 ita
2265 3235 2340 3295 ut
2387 3231 2619 3295 uitium
2656 3228 2821 3292 illud

533 3341 741 3402 ortum
809 3339 911 3405 sit.
980 3341 1049 3404 In
1118 3340 1339 3405 eodem
1404 3342 1514 3405 illo
1584 3340 1798 3405 codice
1854 3339 2396 3411 uidenturetiam
2444 3337 2641 3400 fuisse
2690 3354 2817 3400 cor·

531 3446 845 3521 rectiones
912 3439 1304 3531 marginibus
1369 3448 1733 3531 inscriptae,
1798 3449 2025 3529 postea
2070 3466 2105 3510 a
2158 3446 2412 3510 librario
2472 3441 2821 3509 Colbertini

529 3553 692 3617 falsa
747 3553 810 3616 in
867 3554 1008 3619 loca
1068 3556 1438 3620 translatae:
1499 3555 1665 3637 quod
1722 3555 1848 3618 iam
1904 3554 2207 3619 Baluzius
2268 3553 2347 3617 ad
2404 3571 2457 3616 c.
2509 3552 2614 3626 22,
2665 3551 2726 3612 2.
2778 3550 2817 3611 3

532 3657 618 3743 (p.
676 3660 822 3738 198,
872 3663 933 3725 2.
985 3663 1022 3725 5
1083 3661 1230 3727 edit.
1290 3660 1571 3746 nostrae)
1630 3660 2066 3726 Obseruauit.3
2125 3659 2333 3725 Codex
2387 3658 2496 3723 ille
2555 3676 2627 3721 ex
2692 3674 2817 3737 quo

533 3765 932 3832 Colbertinu's
979 3769 1178 3846 fluxit,
1226 3769 1496 3834 fortasse
1543 3769 1669 3833 iam
1717 3770 1952 3834 litteris
2000 3768 2403 3846 minusculis,
2461 3785 2582 3830 non
2645 3762 2820 3826 unci-

532 3872 738 3938 alibus
787 3875 1063 3958 scriptus
1113 3880 1272 3941 erat:
1324 3877 1494 3957 quod
1542 3877 1801 3959 quidem
1862 3896 1913 3941 c.
1966 3877 2071 3954 37,
2123 3878 2161 3940 6
2202 3875 2286 3958 (p.
2337 3874 2491 3950 217,
2540 3872 2609 3953 2)
2655 3869 2718 3933 in
2771 3868 2817 3934 C

531 3982 904 4044 dementium
953 3986 1050 4047 est
1101 4002 1210 4065 pro
1267 3983 1674 4060 clementium,
1723 3983 1778 4047 is
1840 4002 2007 4047 error
2056 4002 2128 4047 ex
2174 3982 2377 4065 priore
2424 3981 2536 4045 illo
2590 3995 2817 4061 genere

623 4182 645 4217 ³
680 4184 830 4237 Idem
869 4202 965 4238 nos
1007 4186 1329 4239 coniecimus
1370 4185 1435 4238 ad
1477 4202 1520 4241 c.
1559 4187 1647 4250 27,
1685 4169 1713 4237 Ὶ1
1760 4190 1832 4254 (p.
1872 4185 1992 4250 203,
2036 4183 2101 4238 10
2141 4184 2206 4239 cf.
2249 4188 2301 4252 7)
2343 4185 2671 4253 <sus>eeptis
2704 4185 2817 4238 ini-

532 4273 775 4336 micitiis-3
818 4274 903 4336 28,
941 4275 991 4326 4.
1032 4275 1116 4337 29,
1162 4275 1184 4326 1
1229 4278 1301 4342 (p.
1342 4274 1463 4335 205,
1503 4273 1588 4327 21.
1621 4274 1710 4339 23)
1751 4279 1852 4338 est3
1893 4272 2125 4326 conferri
2162 4275 2346 4342 potest
2383 4273 2545 4326 etiam
2584 4288 2627 4327 c.
2667 4271 2752 4333 29,
2789 4272 2813 4323 1

534 4367 605 4429 (p.
633 4361 754 4425 205,
784 4363 873 4428 24)
909 4362 996 4431 [et]
1022 4404 1032 4416 .
1057 4403 1067 4415 .
1092 4363 1416 4431 disputaret.
1455 4362 1572 4415 Uno
1602 4363 1738 4426 loco,
1771 4379 1813 4416 c.
1843 4362 1929 4425 26,
1963 4363 2025 4415 11
2059 4365 2130 4431 (p.
2161 4362 2283 4425 203,
2312 4363 2367 4426 4)
2403 4361 2473 4414 ab
2501 4360 2603 4414 hoc
2639 4360 2820 4427 capite
