3132 5043
150 68 803 394 s

476 411 608 473 318

1524 407 1764 460 Index

538 601 685 654 Iouis
732 600 759 653 Ι
805 601 891 664 43,
935 600 1014 654 19.
1059 603 1113 653 et
1152 616 1300 652 soror
1337 599 1363 652 I
1404 600 1487 661 36,
1533 601 1615 652 11.
1746 599 2034 652 Amalthea
2066 603 2119 652 et
2149 600 2369 653 Melissa
2400 600 2632 652 nutritus
2660 597 2684 649 I
2712 597 2802 666 [91‚

540 692 624 752 65,
667 691 713 742 7.
756 706 875 742 cum
923 706 986 742 eo
1037 690 1300 742 incestum
1350 689 1618 741 commisit

538 779 565 831 Ι
602 779 689 839 36,
731 777 813 830 11.
865 778 979 830 eius
1026 779 1081 831 in
1121 778 1180 830 Io
1221 780 1301 830 ira
1340 778 1364 830 1
1403 778 1488 840 39,
1530 778 1614 829 23.

538 869 657 931 684,
701 867 780 920 13.
824 883 917 920 cur
952 867 1185 937 paelices
1225 869 1507 936 persecuta
1546 866 1617 918 sit

534 957 561 1008 Ι
613 957 698 1020 65,
753 958 798 1008 7.
856 958 1042 1009 Samos
1093 956 1355 1009 Iunonem
1410 955 1541 1007 colit
1591 953 1618 1005 I

536 1046 621 1108 56,
677 1046 757 1098 19.
807 1046 892 1107 65,
937 1046 1017 1099 10.
1060 1046 1174 1098 eius
1212 1044 1475 1113 templum
1514 1043 1615 1095 La·

537 1134 708 1187 ciniae
764 1134 792 1187 I
852 1134 968 1197 127,
1029 1138 1075 1189 5.
1148 1135 1265 1195 169,
1327 1132 1409 1186 14.
1476 1133 1616 1184 irata

535 1224 794 1276 Romanis
832 1223 860 1276 I
902 1225 1020 1288 170,
1051 1224 1314 1281 20—171‚
1359 1224 1441 1276 12.
1480 1222 1614 1274 Var-

533 1312 653 1364 roni
690 1312 713 1364 I
758 1312 877 1375 171,
917 1314 1000 1366 20.
1044 1314 1162 1373 171,
1204 1314 1251 1365 5.
1302 1328 1613 1380 responsum

536 1400 757 1453 Iunonis
813 1401 1067 1454 Monetae
1130 1402 1222 1453 uel
1277 1400 1525 1453 Veientis
1588 1399 1615 1451 I

539 1489 655 1551 126,
716 1490 763 1541 9.
827 1492 946 1552 169,
1007 1490 1087 1543 12.
1149 1490 1305 1558 {Iuno
1365 1490 1551 1557 iniqua
1590 1487 1616 1539 I

539 1580 655 1639 171,
699 1579 770 1646 7.J

468 1664 712 1733 Iuppiter
766 1666 929 1733 [unde
978 1684 1171 1719 nomen
1224 1668 1424 1719 habeat
1463 1666 1611 1725 143,

535 1756 602 1807 22
642 1756 707 1823 s.]
750 1754 880 1817 Ζεύς
917 1757 1007 1808 uel
1045 1755 1153 1826 Ζήν
1185 1755 1315 1824 quid
1345 1755 1615 1822 significet

535 1843 562 1895 Ι
598 1844 683 1905 39,
720 1845 743 1896 l
778 1861 817 1896 s.
859 1844 1021 1911 [ZAN
1059 1843 1359 1897 KPONOY
1390 1844 1415 1896 I
1445 1844 1531 1904 45,
1563 1845 1610 1895 2.

537 1933 658 1996 685,
700 1934 807 2001 21.]
851 1934 990 1986 unde
1031 1933 1261 2004 αἰγίοχος
1306 1934 1616 1985 nominetur

536 2022 563 2074 Ι
610 2021 693 2084 85,
749 2024 827 2075 11.
882 2023 1190 2092 philosophi
1257 2022 1390 2075 duos
1454 2022 1612 2074 Ioues

535 2110 795 2174 fecerunt,
823 2128 988 2164 unum
1026 2112 1343 2174 naturalem,
1385 2112 1611 2164 alterum

536 2199 841 2252 fabulosum
888 2201 916 2253 Ι
962 2202 1048 2267 43,
1097 2204 1144 2254 5.
1187 2203 1234 2254 9.
1283 2202 1413 2269 [tres
1452 2200 1611 2252 Ioues

536 2304 567 2340 a
621 2289 892 2357 theologis
951 2294 1350 2349 enumerantur,
1416 2289 1611 2341 tertius

536 2378 805 2432 Cretensis
864 2380 1082 2432 Saturni
1139 2379 1284 2432 filius
1340 2378 1365 2430 Ι
1411 2380 1498 2440 45,
1539 2377 1609 2445 9.]

533 2466 694 2520 homo
744 2467 851 2521 fuit
895 2469 922 2521 Ι
970 2470 1053 2532 29,
1098 2470 1177 2523 19.
1219 2470 1303 2532 41,
1346 2469 1394 2521 3.
1435 2468 1521 2531 60,
1561 2469 1608 2520 6.

533 2558 580 2609 9.
622 2557 746 2625 685,
782 2560 866 2611 24.
909 2563 1032 2612 ante
1072 2576 1242 2612 annos
1279 2557 1479 2612 MDCC
1516 2575 1610 2610 na-

532 2649 620 2698 tus
676 2647 703 2699 1
762 2647 879 2708 114,
951 2651 1029 2701 17.
1102 2651 1214 2702 eius
1277 2649 1611 2719 temporibus

532 2735 887 2789 Prometheus
927 2738 1032 2789 fuit
1069 2738 1095 2790 I
1137 2739 1253 2800 149,
1286 2741 1333 2791 9.
1375 2740 1429 2790 in
1468 2742 1613 2790 terra

532 2826 786 2891 regnauit
840 2825 868 2877 Ι
922 2829 1008 2889 44,
1070 2829 1149 2880 12.
1209 2827 1329 2890 685,
1386 2829 1471 2879 24.
1521 2844 1611 2879 rex

532 2912 640 2964 fuit
695 2931 787 2981 pro
847 2915 945 2967 deo
1003 2915 1221 2968 habitus
1280 2917 1305 2969 Ι
1360 2916 1481 2978 415,
1526 2917 1607 2970 13.

536 3001 801 3069 quomodo
842 3002 973 3055 deus
1010 3004 1187 3057 factus
1227 3006 1297 3057 sit
1336 3006 1360 3058 I
1400 3007 1484 3066 57,
1528 3007 1608 3059 10,

537 3091 705 3158 [Iouis
754 3093 1004 3160 cognatio
1051 3093 1077 3145 I
1126 3095 1210 3156 54,
1251 3097 1299 3146 6.
1341 3095 1461 3160 685,
1505 3095 1610 3162 13.]

533 3179 675 3232 filius
725 3181 942 3234 Saturni
981 3183 1007 3234 I
1050 3183 1131 3244 14,
1188 3184 1265 3236 11.
1308 3185 1393 3246 37,
1421 3178 1481 3236 ’4.
1522 3186 1608 3244 40,

533 3270 617 3322 25.
667 3270 755 3332 43,
808 3270 888 3326 13.
939 3272 1022 3332 50,
1070 3273 1119 3325 8.
1161 3271 1267 3339 [53,
1308 3273 1376 3325 22
1416 3275 1480 3341 s.]
1523 3276 1608 3336 92,

538 3358 620 3410 19.
661 3358 782 3421 685,
823 3359 906 3412 23.
951 3367 1006 3414 et
1046 3360 1175 3430 Opis
1214 3362 1241 3414 I
1278 3364 1365 3424 40,
1396 3364 1479 3416 25.
1519 3366 1607 3427 43,

536 3446 615 3499 13.
670 3448 755 3510 92,
814 3449 894 3502 18.
945 3450 1037 3503 uel
1089 3451 1273 3504 Rheae
1329 3453 1356 3505 Ι
1412 3454 1497 3510 37,
1558 3455 1607 3506 4.

531 3535 686 3601 [auus
746 3538 859 3590 eius
917 3538 1107 3593 Caelus
1164 3541 1191 3593 I
1244 3541 1331 3604 48,
1393 3544 1439 3595 2.
1502 3542 1606 3609 13.]

532 3625 655 3677 auia
692 3626 873 3679 Tellus
911 3628 939 3680 I
974 3630 1061 3691 92,
1109 3631 1188 3683 18.
1230 3631 1344 3682 eius
1384 3633 1609 3700 patruus

529 3712 748 3781 Iapetus
777 3714 805 3767 1
835 3717 955 3780 692,
995 3719 1078 3770 22.
1110 3718 1257 3770 Iouis
1285 3718 1453 3772 frater
1482 3723 1609 3772 ante

532 3804 747 3870 genitus
815 3806 1080 3860 extinctus
1149 3812 1231 3859 est
1285 3808 1312 3860 I
1369 3809 1455 3870 38,
1520 3809 1605 3862 21.

528 3892 775 3961 Iuppiter
820 3895 1025 3963 primus
1066 3913 1125 3948 ex
1162 3896 1346 3950 liberis
1388 3897 1609 3949 Saturni

529 3982 766 4036 maribus
818 3986 954 4037 uixit
1004 3986 1031 4038 Ι
1081 3986 1166 4048 39,
1218 3989 1266 4040 5.
1319 3987 1607 4055 [Saturnus

532 4071 581 4122 ei
618 4072 909 4126 insidiatur
945 4073 971 4125 Ι
1010 4075 1096 4138 55,
1124 4077 1160 4126 4
1189 4077 1282 4143 ss]
1321 4077 1464 4128 iurto
1494 4092 1603 4128 ser-

530 4147 690 4213 uatus
738 4161 1030 4230 furtimque
1079 4165 1317 4216 nutritus
1365 4164 1391 4216 I
1431 4165 1515 4228 39,
1558 4167 1603 4217 1.

530 4247 617 4311 85,
667 4250 697 4300 9
755 4268 822 4304 ss.
880 4253 1012 4320 [16.]
1073 4253 1193 4318 689,
1248 4253 1335 4305 24.
1394 4255 1606 4305 antrum

532 4342 644 4393 eius
701 4343 757 4393 in
816 4342 976 4397 Creta
1012 4343 1039 4395 Ι
1077 4340 1286 4406 88,10.
1347 4357 1480 4410 puer
1536 4343 1603 4395 ab

1750 689 1850 757 lO.]
1877 690 1987 752 (92,
2016 691 2120 756 16).
2142 690 2285 757 [690,
2311 690 2418 758 12.]
2451 688 2590 741 unde
2620 688 2804 745 fabula,

1746 794 1874 845 apes
1933 795 1991 830 os
2049 778 2201 847 pueri
2257 778 2417 830 melle
2481 777 2806 846 conplesseI

1744 868 1829 928 91,
1873 866 1954 919 11.
1997 868 2131 936 [eius
2171 867 2369 920 altores
2412 866 2634 920 Curetes
2670 866 2697 918 Ι
2732 868 2805 925 86,

1748 956 1828 1008 13.
1882 958 1946 1009 15
1995 957 2086 1024 ss.]
2132 956 2380 1024 Iuppiter
2427 959 2482 1008 et
2529 955 2742 1008 Titanes
2784 954 2806 1005 I

1743 1044 1829 1105 35,
1885 1046 1964 1097 18.
2022 1044 2130 1113 [48,
2185 1046 2231 1096 7.
2287 1046 2371 1105 54,
2434 1046 2514 1097 19.
2573 1044 2655 1103 85,
2711 1044 2803 1111 19.]

1741 1134 1864 1195 418,
1904 1136 1954 1185 4.
1995 1137 2246 1201 parentes
2294 1133 2525 1185 uinculis
2566 1134 2750 1186 exemit
2783 1131 2806 1183 I

1743 1223 1829 1285 54,
1865 1223 1946 1275 15.
1992 1224 2072 1275 19.
2102 1240 2133 1275 a
2162 1223 2335 1290 prima
2372 1223 2607 1290 pueritia
2644 1224 2804 1292 inpius

1743 1328 1802 1363 ac
1832 1328 2002 1380 paene
2033 1312 2297 1380 parricida
2327 1311 2353 1363 I
2382 1314 2467 1375 35,
2501 1313 2582 1364 14.
2614 1316 2804 1380 patrem

1743 1400 1949 1468 expulit
1987 1406 2040 1452 et
2079 1406 2392 1469 persecutus
2434 1406 2518 1453 est
2554 1401 2582 1453 I
2622 1402 2703 1464 35,
2734 1402 2802 1454 15.

1746 1489 1826 1541 17.
1879 1490 2001 1551 416,
2055 1493 2099 1543 1.
2149 1491 2272 1555 417,
2325 1490 2406 1542 18.
2446 1490 2567 1553 418,
2609 1491 2658 1545 3.
2694 1491 2802 1544 432.

1746 1578 1826 1629 18.
1868 1578 1990 1639 683,
2034 1579 2113 1631 10.
2167 1583 2391 1647 propter
2441 1579 2623 1632 odium
2670 1579 2803 1631 Iouis

1744 1666 1973 1719 Saturno
2003 1667 2240 1721 infantes
2269 1668 2533 1721 immolati
2562 1667 2590 1719 Ι
2619 1668 2703 1722 80.
2735 1668 2803 1719 12.

1740 1755 1876 1808 Iuno
1935 1755 2160 1809 coniunx
2218 1757 2332 1810 eius
2388 1756 2416 1809 I
2470 1757 2557 1820 43,
2621 1758 2699 1809 19.
2737 1757 2802 1824 [in

1740 1845 1918 1897 insula
1958 1845 2115 1898 Samo
2157 1846 2207 1898 ei
2243 1846 2430 1915 nupsit
2468 1845 2495 1898 Ι
2534 1846 2619 1909 65,
2650 1846 2719 1913 9.]
2757 1850 2804 1897 et

1743 1951 1891 1986 soror
1919 1933 1944 1986 Ι
1976 1933 2060 1995 36,
2096 1936 2154 1987 11
2199 1952 2240 1986 S.
2282 1937 2366 1997 65,
2398 1936 2445 1987 7.
2489 1951 2608 1987 cum
2641 1950 2802 1986 sorore

1742 2024 2007 2076 incestum
2062 2023 2330 2075 commisit
2380 2021 2408 2074 1
2457 2024 2540 2085 36,
2583 2022 2664 2076 11.
2704 2022 2801 2074 eius

1741 2116 1926 2180 stupra
1985 2116 2039 2163 et
2096 2111 2362 2164 adulteria
2417 2110 2443 2162 I
2500 2112 2584 2173 35,
2635 2111 2701 2163 20
2744 2126 2801 2164 ss

1741 2202 1825 2264 37,
1872 2202 1952 2255 16.
1992 2202 2112 2262 432,
2155 2203 2238 2253 22.
2289 2201 2410 2262 683,
2453 2200 2513 2251 11
2559 2216 2627 2251 ss
2675 2198 2801 2251 sala-

1740 2290 1986 2342 cissimus
2026 2289 2052 2341 I
2090 2290 2175 2355 62,
2220 2291 2300 2343 19.
2326 2288 2726 2357 Amphitryonis
2751 2304 2801 2338 ac

1739 2378 1974 2447 Tyndari
2013 2378 2198 2431 domos
2239 2377 2498 2430 dedecore
2547 2376 2804 2446 conpleuit

1739 2467 1765 2519 I
1805 2468 1889 2530 35,
1930 2469 2014 2519 22.
2055 2466 2302 2537 Iuppiter
2350 2469 2404 2518 et
2440 2467 2629 2519 Danae
2666 2465 2691 2517 Ι
2727 2466 2799 2520 39,

1746 2558 1826 2610 13.
1883 2558 2004 2618 684,
2062 2559 2109 2609 4.
2169 2562 2222 2608 et
2277 2556 2495 2625 Europa
2545 2555 2572 2607 I
2609 2557 2689 2618 39,
2725 2555 2798 2607 21.

1739 2648 1860 2708 684,
1922 2648 2002 2699 10.
2062 2651 2116 2698 et
2173 2643 2512 2714 Ganymedes
2568 2644 2595 2696 Ι
2642 2645 2721 2704 36,
2757 2644 2798 2694 2.

1739 2735 1824 2797 39,
1871 2737 1949 2788 18.
1989 2736 2076 2798 41,
2105 2735 2154 2786 8.
2196 2736 2281 2798 93,
2315 2735 2397 2786 12.
2427 2733 2549 2797 683,
2582 2736 2660 2788 13.
2689 2733 2796 2792 684,

1740 2825 1789 2876 9.
1849 2827 1903 2875 et
1960 2824 2018 2877 Io
2076 2824 2102 2876 I
2158 2825 2244 2887 39,
2303 2824 2387 2875 22.
2443 2839 2562 2875 cum
2611 2822 2795 2873 Venere

1740 2912 2061 2980 Cupidinem
2115 2913 2307 2981 genuit
2358 2912 2385 2964 Ι
2438 2915 2523 2972 65,
2581 2911 2658 2963 17.
2705 2925 2794 2961 una

1739 3000 1968 3054 Thetide
2024 3018 2082 3053 se
2140 3002 2406 3054 abstinuit
2461 3003 2675 3069 propter
2723 3014 2793 3050 re-

1738 3107 1995 3159 sponsum
2051 3090 2329 3144 Themidis
2385 3091 2412 3143 1
2469 3092 2556 3152 37,
2607 3091 2684 3142 16.
2719 3087 2791 3144 38,

1743 3182 1824 3233 17.
1866 3181 1986 3242 683,
2031 3182 2111 3234 15.
2157 3182 2238 3234 17.
2278 3181 2334 3232 in
2391 3179 2668 3231 sortitione
2720 3193 2791 3228 re·

1739 3287 1965 3337 gnorum
2003 3270 2121 3322 Ioui
2161 3269 2367 3322 caelum
2415 3268 2616 3335 obtigit
2660 3268 2684 3320 1
2717 3266 2792 3327 41,

1743 3360 1824 3414 13.
1865 3359 1984 3422 684,
2025 3358 2109 3411 20.
2150 3357 2206 3411 id
2255 3360 2338 3410 est
2384 3357 2605 3409 orientis
2643 3357 2795 3424 impe-

1738 3449 1874 3501 rium
1920 3447 1948 3500 I
1994 3449 2081 3510 41,
2134 3448 2215 3499 17.
2264 3446 2384 3508 684,
2425 3447 2510 3498 22.
2551 3445 2799 3514 [Iuppiter

1736 3537 1992 3606 Neptuno
2040 3536 2321 3605 imperium
2372 3534 2524 3587 dedit
2568 3534 2722 3586 maris
2772 3530 2795 3581 Ι

1736 3627 1824 3687 42,
1868 3627 1974 3694 10.]
2020 3626 2261 3678 Vulcano
2319 3622 2464 3691 quod
2519 3621 2798 3692 praemium

1735 3732 2000 3768 armorum
2058 3713 2379 3767 concesserit
2435 3711 2463 3764 I
2512 3713 2600 3775 66,
2639 3711 2798 3764 8.11.

1736 3807 1793 3858 in
1824 3804 2051 3873 Olympo
2088 3802 2366 3855 habitauit
2392 3801 2419 3853 Ι
2448 3803 2536 3864 42,
2569 3803 2652 3855 15.
2679 3799 2797 3868 [17.]

1736 3895 1859 3956 684,
1899 3896 1984 3947 21.
2035 3893 2180 3947 caelo
2227 3908 2423 3945 nomen
2473 3891 2626 3943 dedit
2662 3891 2688 3943 I
2722 3892 2797 3951 47,

1737 3987 1819 4036 18.
1859 3984 1945 4046 48,
1977 3985 2025 4035 2.
2057 3982 2107 4037 3.
2142 3983 2489 4050 [sacrificauit
2519 3981 2679 4037 Caelo
2708 3997 2798 4033 auo

1734 4075 1761 4127 Ι
1799 4075 1884 4136 47,
1917 4074 1985 4126 22
2037 4072 2125 4134 48,
2154 4073 2204 4127 4.
2249 4073 2330 4125 13.
2371 4073 2506 4124 item
2543 4072 2599 4124 in
2639 4069 2800 4126 insula

1733 4162 1885 4217 Naxo
1924 4161 1952 4214 Ι
1990 4160 2076 4224 48,
2117 4164 2165 4214 5.
2207 4162 2255 4217 7.
2305 4160 2595 4229 quinquies
2641 4165 2799 4213 terras

1735 4252 1981 4305 circuiuit
2018 4250 2045 4302 I
2081 4251 2168 4312 44,
2213 4252 2294 4304 16.
2334 4250 2457 4315 685,
2494 4253 2575 4305 16.
2617 4251 2725 4303 eius
2751 4249 2800 4300 in

1733 4343 1932 4395 amicos
1963 4342 2128 4408 atque
2158 4356 2342 4392 omnes
2371 4339 2620 4393 homines
2647 4339 2798 4392 bene-
