<?xml version="1.0" encoding="UTF-8"?>
<!DOCTYPE html PUBLIC "-//W3C//DTD XHTML 1.0 Transitional//EN"
    "http://www.w3.org/TR/xhtml1/DTD/xhtml1-transitional.dtd">
<html xmlns="http://www.w3.org/1999/xhtml" xml:lang="en" lang="en">
 <head>
  <title>
</title>
<meta http-equiv="Content-Type" content="text/html;charset=utf-8" />
  <meta name='ocr-system' content='tesseract 3.04.00' />
  <meta name='ocr-capabilities' content='ocr_page ocr_carea ocr_par ocr_line ocrx_word'/>
</head>
<body>
  <div class='ocr_page' id='page_1' title='image "./corpusscriptoru30wissgoog_0073.png"; bbox 0 0 3132 5043; ppageno 0'>
   <div class='ocr_carea' id='block_1_1' title="bbox 1166 503 2588 571">
    <p class='ocr_par' dir='ltr' id='par_1_1' title="bbox 1166 503 2588 571">
     <span class='ocr_line' id='line_1_1' title="bbox 1166 503 2588 571; baseline 0.002 -15"><span class='ocrx_word' id='word_1_1' title='bbox 1166 504 1374 556; x_wconf 77' lang='lat' dir='ltr'>liber</span> <span class='ocrx_word' id='word_1_2' title='bbox 1421 519 1464 556; x_wconf 72' lang='grc' dir='ltr'>ο.</span> <span class='ocrx_word' id='word_1_3' title='bbox 1504 503 1734 559; x_wconf 83' lang='lat'>24-26.</span> <span class='ocrx_word' id='word_1_4' title='bbox 2465 509 2588 571; x_wconf 81' lang='lat'>201</span> 
     </span>
    </p>
   </div>
   <div class='ocr_carea' id='block_1_2' title="bbox 194 699 2695 3660">
    <p class='ocr_par' dir='ltr' id='par_1_2' title="bbox 288 699 2684 1104">
     <span class='ocr_line' id='line_1_2' title="bbox 291 699 2596 783; baseline 0 -19"><span class='ocrx_word' id='word_1_5' title='bbox 291 701 419 764; x_wconf 89' lang='lat' dir='ltr'>cari</span> <span class='ocrx_word' id='word_1_6' title='bbox 478 721 626 764; x_wconf 90' lang='lat' dir='ltr'>eum</span> <span class='ocrx_word' id='word_1_7' title='bbox 682 699 879 763; x_wconf 87' lang='lat' dir='ltr'>iubet.</span> <span class='ocrx_word' id='word_1_8' title='bbox 975 699 1208 763; x_wconf 90' lang='lat' dir='ltr'>dicitur</span> <span class='ocrx_word' id='word_1_9' title='bbox 1264 700 1322 763; x_wconf 87' lang='lat' dir='ltr'>ei</span> <span class='ocrx_word' id='word_1_10' title='bbox 1376 703 1525 781; x_wconf 88' lang='lat' dir='ltr'>post</span> <span class='ocrx_word' id='word_1_11' title='bbox 1582 719 1799 764; x_wconf 89' lang='lat' dir='ltr'>cenam</span> <span class='ocrx_word' id='word_1_12' title='bbox 1851 701 2067 764; x_wconf 78' lang='lat' dir='ltr'>statim</span> <span class='ocrx_word' id='word_1_13' title='bbox 2115 701 2459 783; x_wconf 81' lang='lat' dir='ltr'>profectus,</span> <span class='ocrx_word' id='word_1_14' title='bbox 2506 701 2596 765; x_wconf 91' lang='lat' dir='ltr'>in-</span> 
     </span>
     <span class='ocr_line' id='line_1_3' title="bbox 292 806 2594 892; baseline 0.001 -22"><span class='ocrx_word' id='word_1_15' title='bbox 292 808 539 892; x_wconf 85' lang='lat' dir='ltr'>dignari</span> <span class='ocrx_word' id='word_1_16' title='bbox 596 826 665 871; x_wconf 87' lang='lat' dir='ltr'>ac</span> <span class='ocrx_word' id='word_1_17' title='bbox 723 807 989 870; x_wconf 86' lang='lat' dir='ltr'>fremere</span> <span class='ocrx_word' id='word_1_18' title='bbox 1048 806 1276 889; x_wconf 90' lang='lat' dir='ltr'>coepit.</span> <span class='ocrx_word' id='word_1_19' title='bbox 1342 808 1649 889; x_wconf 89' lang='lat' dir='ltr'>poscebat</span> <span class='ocrx_word' id='word_1_20' title='bbox 1704 826 1902 889; x_wconf 89' lang='lat' dir='ltr'>equos</span> <span class='ocrx_word' id='word_1_21' title='bbox 1958 808 2271 890; x_wconf 86' lang='lat' dir='ltr'>publicos,</span> <span class='ocrx_word' id='word_1_22' title='bbox 2321 811 2394 872; x_wconf 92' lang='lat' dir='ltr'>ut</span> <span class='ocrx_word' id='word_1_23' title='bbox 2449 827 2594 872; x_wconf 88' lang='lat' dir='ltr'>eum</span> 
     </span>
     <span class='ocr_line' id='line_1_4' title="bbox 288 913 2596 996; baseline 0 -18"><span class='ocrx_word' id='word_1_24' title='bbox 288 914 528 978; x_wconf 85' lang='lat' dir='ltr'>retrahi</span> <span class='ocrx_word' id='word_1_25' title='bbox 566 916 821 978; x_wconf 89' lang='lat' dir='ltr'>faceret.</span> <span class='ocrx_word' id='word_1_26' title='bbox 872 913 1148 978; x_wconf 86' lang='lat' dir='ltr'>nudatus</span> <span class='ocrx_word' id='word_1_27' title='bbox 1190 914 1247 977; x_wconf 87' lang='lat' dir='ltr'>ei</span> <span class='ocrx_word' id='word_1_28' title='bbox 1287 933 1510 979; x_wconf 89' lang='lat' dir='ltr'>cursus</span> <span class='ocrx_word' id='word_1_29' title='bbox 1549 915 1847 996; x_wconf 89' lang='lat' dir='ltr'>publicus</span> <span class='ocrx_word' id='word_1_30' title='bbox 1887 916 2233 979; x_wconf 89' lang='lat' dir='ltr'>nuntiatur.</span> <span class='ocrx_word' id='word_1_31' title='bbox 2275 915 2380 978; x_wconf 83' lang='lat' dir='ltr'>uix</span> <span class='ocrx_word' id='word_1_32' title='bbox 2414 915 2596 979; x_wconf 91' lang='lat' dir='ltr'>lacri-</span> 
     </span>
     <span class='ocr_line' id='line_1_5' title="bbox 291 1020 2684 1104; baseline -0.003 -19"><span class='ocrx_word' id='word_1_33' title='bbox 291 1041 428 1086; x_wconf 86' lang='lat' dir='ltr'>mas</span> <span class='ocrx_word' id='word_1_34' title='bbox 497 1021 771 1085; x_wconf 89' lang='lat' dir='ltr'>tenebat.</span> <span class='ocrx_word' id='word_1_35' title='bbox 866 1024 933 1084; x_wconf 91' lang='lat' dir='ltr'>at</span> <span class='ocrx_word' id='word_1_36' title='bbox 995 1020 1105 1085; x_wconf 91' lang='lat' dir='ltr'>ille</span> <span class='ocrx_word' id='word_1_37' title='bbox 1171 1020 1528 1085; x_wconf 82' lang='lat' dir='ltr'>incredibili</span> <span class='ocrx_word' id='word_1_38' title='bbox 1597 1022 1919 1085; x_wconf 82' lang='lat' dir='ltr'>celeritate</span> <span class='ocrx_word' id='word_1_39' title='bbox 1975 1040 2134 1085; x_wconf 90' lang='lat' dir='ltr'>usus</span> <span class='ocrx_word' id='word_1_40' title='bbox 2181 1021 2472 1104; x_wconf 89' lang='lat' dir='ltr'>peruenit</span> <span class='ocrx_word' id='word_1_41' title='bbox 2519 1022 2595 1085; x_wconf 88' lang='lat' dir='ltr'>ad</span> <span class='ocrx_word' id='word_1_42' title='bbox 2651 1026 2684 1079; x_wconf 81' lang='lat'><em>8</em></span> 
     </span>
    </p>

    <p class='ocr_par' dir='ltr' id='par_1_3' title="bbox 227 1127 2684 1639">
     <span class='ocr_line' id='line_1_6' title="bbox 227 1127 2596 1211; baseline 0.002 -24"><span class='ocrx_word' id='word_1_43' title='bbox 227 1150 251 1187; x_wconf 78' lang='lat'><strong>5</strong></span> <span class='ocrx_word' id='word_1_44' title='bbox 290 1131 542 1208; x_wconf 87' lang='lat' dir='ltr'>patrem</span> <span class='ocrx_word' id='word_1_45' title='bbox 598 1128 724 1191; x_wconf 92' lang='lat' dir='ltr'>iam</span> <span class='ocrx_word' id='word_1_46' title='bbox 784 1127 1204 1203; x_wconf 87' lang='lat' dir='ltr'>deficientem,</span> <span class='ocrx_word' id='word_1_47' title='bbox 1267 1127 1376 1210; x_wconf 92' lang='lat' dir='ltr'>qui</span> <span class='ocrx_word' id='word_1_48' title='bbox 1433 1129 1490 1191; x_wconf 90' lang='lat' dir='ltr'>ei</span> <span class='ocrx_word' id='word_1_49' title='bbox 1546 1128 1864 1192; x_wconf 74' lang='lat' dir='ltr'>militibus</span> <span class='ocrx_word' id='word_1_50' title='bbox 1914 1128 2351 1193; x_wconf 87' lang='lat' dir='ltr'>commendato</span> <span class='ocrx_word' id='word_1_51' title='bbox 2398 1129 2596 1211; x_wconf 92' lang='lat' dir='ltr'>impe-</span> 
     </span>
     <span class='ocr_line' id='line_1_7' title="bbox 288 1234 2594 1317; baseline 0 -20"><span class='ocrx_word' id='word_1_52' title='bbox 288 1235 455 1298; x_wconf 90' lang='lat' dir='ltr'>rium</span> <span class='ocrx_word' id='word_1_53' title='bbox 508 1255 622 1317; x_wconf 88' lang='lat' dir='ltr'>per</span> <span class='ocrx_word' id='word_1_54' title='bbox 664 1253 890 1298; x_wconf 87' lang='lat' dir='ltr'>manus</span> <span class='ocrx_word' id='word_1_55' title='bbox 929 1234 1210 1298; x_wconf 77' lang='lat' dir='ltr'>tradidit.</span> <span class='ocrx_word' id='word_1_56' title='bbox 1262 1238 1450 1316; x_wconf 84' lang='lat' dir='ltr'>atque</span> <span class='ocrx_word' id='word_1_57' title='bbox 1487 1235 1581 1298; x_wconf 86' lang='lat' dir='ltr'>ita</span> <span class='ocrx_word' id='word_1_58' title='bbox 1616 1236 1680 1299; x_wconf 90' lang='lat' dir='ltr'>in</span> <span class='ocrx_word' id='word_1_59' title='bbox 1719 1236 1885 1299; x_wconf 90' lang='lat' dir='ltr'>lecto</span> <span class='ocrx_word' id='word_1_60' title='bbox 1925 1253 2041 1299; x_wconf 92' lang='lat' dir='ltr'>suo</span> <span class='ocrx_word' id='word_1_61' title='bbox 2079 1236 2363 1317; x_wconf 83' lang='lat' dir='ltr'>requiem</span> <span class='ocrx_word' id='word_1_62' title='bbox 2400 1236 2594 1310; x_wconf 83' lang='lat' dir='ltr'>uitae,</span> 
     </span>
     <span class='ocr_line' id='line_1_8' title="bbox 290 1341 2684 1426; baseline -0.001 -23"><span class='ocrx_word' id='word_1_63' title='bbox 290 1341 465 1404; x_wconf 88' lang='lat' dir='ltr'>sicut</span> <span class='ocrx_word' id='word_1_64' title='bbox 514 1341 792 1423; x_wconf 83' lang='lat' dir='ltr'>optabat,</span> <span class='ocrx_word' id='word_1_65' title='bbox 844 1342 1107 1423; x_wconf 90' lang='lat' dir='ltr'>accepit.</span> <span class='ocrx_word' id='word_1_66' title='bbox 1204 1345 1501 1423; x_wconf 91' lang='lat' dir='ltr'>suscepto</span> <span class='ocrx_word' id='word_1_67' title='bbox 1558 1342 1823 1423; x_wconf 90' lang='lat' dir='ltr'>imperio</span> <span class='ocrx_word' id='word_1_68' title='bbox 1874 1341 2330 1406; x_wconf 75' lang='lat' dir='ltr'>Constantinus</span> <span class='ocrx_word' id='word_1_69' title='bbox 2377 1343 2595 1426; x_wconf 87' lang='lat' dir='ltr'>Augu·</span> <span class='ocrx_word' id='word_1_70' title='bbox 2652 1348 2684 1400; x_wconf 88' lang='lat'>9</span> 
     </span>
     <span class='ocr_line' id='line_1_9' title="bbox 291 1447 2596 1531; baseline 0 -19"><span class='ocrx_word' id='word_1_71' title='bbox 291 1453 434 1512; x_wconf 89' lang='lat' dir='ltr'>stus</span> <span class='ocrx_word' id='word_1_72' title='bbox 485 1448 649 1512; x_wconf 90' lang='lat' dir='ltr'>nihil</span> <span class='ocrx_word' id='word_1_73' title='bbox 696 1448 830 1531; x_wconf 91' lang='lat' dir='ltr'>egit</span> <span class='ocrx_word' id='word_1_74' title='bbox 873 1448 1051 1531; x_wconf 89' lang='lat' dir='ltr'>prius</span> <span class='ocrx_word' id='word_1_75' title='bbox 1104 1468 1292 1530; x_wconf 91' lang='lat' dir='ltr'>quam</span> <span class='ocrx_word' id='word_1_76' title='bbox 1343 1447 1738 1513; x_wconf 82' lang='lat' dir='ltr'>Christianos</span> <span class='ocrx_word' id='word_1_77' title='bbox 1788 1449 1992 1512; x_wconf 90' lang='lat' dir='ltr'>cultui</span> <span class='ocrx_word' id='word_1_78' title='bbox 2033 1468 2105 1513; x_wconf 91' lang='lat' dir='ltr'>ac</span> <span class='ocrx_word' id='word_1_79' title='bbox 2145 1449 2260 1514; x_wconf 91' lang='lat' dir='ltr'>deo</span> <span class='ocrx_word' id='word_1_80' title='bbox 2306 1468 2421 1513; x_wconf 90' lang='lat' dir='ltr'>suo</span> <span class='ocrx_word' id='word_1_81' title='bbox 2462 1450 2596 1513; x_wconf 88' lang='lat' dir='ltr'>red-</span> 
     </span>
     <span class='ocr_line' id='line_1_10' title="bbox 290 1554 2593 1639; baseline 0.001 -21"><span class='ocrx_word' id='word_1_82' title='bbox 290 1556 460 1619; x_wconf 84' lang='lat' dir='ltr'>dere.</span> <span class='ocrx_word' id='word_1_83' title='bbox 510 1555 666 1619; x_wconf 88' lang='lat' dir='ltr'>haec</span> <span class='ocrx_word' id='word_1_84' title='bbox 712 1554 837 1618; x_wconf 89' lang='lat' dir='ltr'>fuit</span> <span class='ocrx_word' id='word_1_85' title='bbox 873 1555 1078 1636; x_wconf 88' lang='lat' dir='ltr'>prima</span> <span class='ocrx_word' id='word_1_86' title='bbox 1117 1556 1254 1619; x_wconf 89' lang='lat' dir='ltr'>eius</span> <span class='ocrx_word' id='word_1_87' title='bbox 1295 1556 1537 1619; x_wconf 86' lang='lat' dir='ltr'>sanctio</span> <span class='ocrx_word' id='word_1_88' title='bbox 1581 1558 1837 1619; x_wconf 88' lang='lat' dir='ltr'>sanctae</span> <span class='ocrx_word' id='word_1_89' title='bbox 1873 1557 2199 1639; x_wconf 85' lang='lat' dir='ltr'>religionis</span> <span class='ocrx_word' id='word_1_90' title='bbox 2238 1557 2593 1620; x_wconf 79' lang='lat' dir='ltr'>restitutae.</span> 
     </span>
    </p>

    <p class='ocr_par' dir='ltr' id='par_1_4' title="bbox 198 1661 2685 2171">
     <span class='ocr_line' id='line_1_11' title="bbox 198 1661 2682 1746; baseline 0.002 -25"><span class='ocrx_word' id='word_1_91' title='bbox 198 1680 251 1721; x_wconf 72' lang='lat'>&#39;10</span> <span class='ocrx_word' id='word_1_92' title='bbox 384 1663 495 1725; x_wconf 84' lang='grc'>25.</span> <span class='ocrx_word' id='word_1_93' title='bbox 589 1661 819 1726; x_wconf 82' lang='lat' dir='ltr'>Paucis</span> <span class='ocrx_word' id='word_1_94' title='bbox 866 1665 1015 1744; x_wconf 86' lang='lat' dir='ltr'>post</span> <span class='ocrx_word' id='word_1_95' title='bbox 1062 1661 1286 1726; x_wconf 91' lang='lat' dir='ltr'>diebus</span> <span class='ocrx_word' id='word_1_96' title='bbox 1332 1663 1618 1725; x_wconf 87' lang='lat' dir='ltr'>laureata</span> <span class='ocrx_word' id='word_1_97' title='bbox 1663 1664 1874 1746; x_wconf 86' lang='lat' dir='ltr'>imago</span> <span class='ocrx_word' id='word_1_98' title='bbox 1926 1663 2062 1726; x_wconf 92' lang='lat' dir='ltr'>eius</span> <span class='ocrx_word' id='word_1_99' title='bbox 2109 1663 2316 1727; x_wconf 88' lang='lat' dir='ltr'>adlata</span> <span class='ocrx_word' id='word_1_100' title='bbox 2366 1666 2464 1727; x_wconf 88' lang='lat' dir='ltr'>est</span> <span class='ocrx_word' id='word_1_101' title='bbox 2522 1664 2600 1727; x_wconf 88' lang='lat' dir='ltr'>ad</span> <span class='ocrx_word' id='word_1_102' title='bbox 2657 1669 2682 1719; x_wconf 94' lang='lat'>1</span> 
     </span>
     <span class='ocr_line' id='line_1_12' title="bbox 287 1767 2685 1850; baseline -0.001 -19"><span class='ocrx_word' id='word_1_103' title='bbox 287 1767 533 1831; x_wconf 89' lang='lat' dir='ltr'>malam</span> <span class='ocrx_word' id='word_1_104' title='bbox 588 1768 880 1832; x_wconf 86' lang='lat' dir='ltr'>bestiam.</span> <span class='ocrx_word' id='word_1_105' title='bbox 949 1767 1324 1832; x_wconf 87' lang='lat' dir='ltr'>deliberauit</span> <span class='ocrx_word' id='word_1_106' title='bbox 1380 1769 1489 1833; x_wconf 91' lang='lat' dir='ltr'>diu</span> <span class='ocrx_word' id='word_1_107' title='bbox 1547 1789 1624 1832; x_wconf 92' lang='lat' dir='ltr'>an</span> <span class='ocrx_word' id='word_1_108' title='bbox 1684 1769 2056 1850; x_wconf 88' lang='lat' dir='ltr'>susciperet.</span> <span class='ocrx_word' id='word_1_109' title='bbox 2149 1770 2212 1833; x_wconf 92' lang='lat' dir='ltr'>in</span> <span class='ocrx_word' id='word_1_110' title='bbox 2272 1790 2342 1834; x_wconf 92' lang='lat' dir='ltr'>eo</span> <span class='ocrx_word' id='word_1_111' title='bbox 2399 1789 2597 1850; x_wconf 91' lang='lat' dir='ltr'>paene</span> <span class='ocrx_word' id='word_1_112' title='bbox 2654 1775 2685 1827; x_wconf 83' lang='lat'><strong>2</strong></span> 
     </span>
     <span class='ocr_line' id='line_1_13' title="bbox 285 1874 2596 1957; baseline 0 -19"><span class='ocrx_word' id='word_1_113' title='bbox 285 1894 395 1938; x_wconf 88' lang='lat' dir='ltr'>res</span> <span class='ocrx_word' id='word_1_114' title='bbox 455 1874 600 1952; x_wconf 89' lang='lat' dir='ltr'>fuit,</span> <span class='ocrx_word' id='word_1_115' title='bbox 649 1876 722 1937; x_wconf 87' lang='lat' dir='ltr'>ut</span> <span class='ocrx_word' id='word_1_116' title='bbox 776 1874 953 1937; x_wconf 90' lang='lat' dir='ltr'>illam</span> <span class='ocrx_word' id='word_1_117' title='bbox 1013 1877 1076 1938; x_wconf 91' lang='lat' dir='ltr'>et</span> <span class='ocrx_word' id='word_1_118' title='bbox 1130 1874 1343 1957; x_wconf 91' lang='lat' dir='ltr'>ipsum</span> <span class='ocrx_word' id='word_1_119' title='bbox 1403 1875 1511 1957; x_wconf 90' lang='lat' dir='ltr'>qui</span> <span class='ocrx_word' id='word_1_120' title='bbox 1570 1877 1871 1940; x_wconf 88' lang='lat' dir='ltr'>attulerat</span> <span class='ocrx_word' id='word_1_121' title='bbox 1926 1877 2232 1953; x_wconf 80' lang='lat' dir='ltr'>exureret,</span> <span class='ocrx_word' id='word_1_122' title='bbox 2280 1877 2404 1940; x_wconf 91' lang='lat' dir='ltr'>nisi</span> <span class='ocrx_word' id='word_1_123' title='bbox 2452 1895 2596 1940; x_wconf 89' lang='lat' dir='ltr'>eum</span> 
     </span>
     <span class='ocr_line' id='line_1_14' title="bbox 289 1980 2599 2064; baseline 0 -20"><span class='ocrx_word' id='word_1_124' title='bbox 289 1980 490 2044; x_wconf 88' lang='lat' dir='ltr'>amici</span> <span class='ocrx_word' id='word_1_125' title='bbox 538 1982 612 2044; x_wconf 90' lang='lat' dir='ltr'>ab</span> <span class='ocrx_word' id='word_1_126' title='bbox 660 1981 771 2044; x_wconf 93' lang='lat' dir='ltr'>illo</span> <span class='ocrx_word' id='word_1_127' title='bbox 821 1982 1029 2045; x_wconf 87' lang='lat' dir='ltr'>furore</span> <span class='ocrx_word' id='word_1_128' title='bbox 1076 1981 1402 2045; x_wconf 82' lang='lat' dir='ltr'>flexissent</span> <span class='ocrx_word' id='word_1_129' title='bbox 1450 1981 1858 2046; x_wconf 81' lang='lat' dir='ltr'>admonentes</span> <span class='ocrx_word' id='word_1_130' title='bbox 1908 2001 2055 2045; x_wconf 91' lang='lat' dir='ltr'>eum</span> <span class='ocrx_word' id='word_1_131' title='bbox 2099 1983 2389 2064; x_wconf 89' lang='lat' dir='ltr'>periculi,</span> <span class='ocrx_word' id='word_1_132' title='bbox 2430 1982 2599 2064; x_wconf 90' lang='lat' dir='ltr'>quod</span> 
     </span>
     <span class='ocr_line' id='line_1_15' title="bbox 287 2087 2596 2171; baseline 0 -21"><span class='ocrx_word' id='word_1_133' title='bbox 287 2087 583 2151; x_wconf 84' lang='lat' dir='ltr'>uniuersi</span> <span class='ocrx_word' id='word_1_134' title='bbox 638 2087 896 2165; x_wconf 80' lang='lat' dir='ltr'>milites„</span> <span class='ocrx_word' id='word_1_135' title='bbox 967 2087 1199 2170; x_wconf 88' lang='lat' dir='ltr'>quibus</span> <span class='ocrx_word' id='word_1_136' title='bbox 1264 2088 1487 2152; x_wconf 89' lang='lat' dir='ltr'>inuitis</span> <span class='ocrx_word' id='word_1_137' title='bbox 1553 2088 1759 2171; x_wconf 88' lang='lat' dir='ltr'>ignoti</span> <span class='ocrx_word' id='word_1_138' title='bbox 1817 2088 2118 2154; x_wconf 84' lang='lat' dir='ltr'>Caesares</span> <span class='ocrx_word' id='word_1_139' title='bbox 2186 2093 2363 2153; x_wconf 86' lang='lat' dir='ltr'>erant</span> <span class='ocrx_word' id='word_1_140' title='bbox 2423 2089 2596 2164; x_wconf 85' lang='lat' dir='ltr'>facti,</span> 
     </span>
    </p>

    <p class='ocr_par' dir='ltr' id='par_1_5' title="bbox 197 2194 2693 2706">
     <span class='ocr_line' id='line_1_16' title="bbox 197 2194 2600 2277; baseline 0.001 -23"><span class='ocrx_word' id='word_1_141' title='bbox 197 2218 247 2254; x_wconf 66' lang='grc' dir='ltr'>ιε»</span> <span class='ocrx_word' id='word_1_142' title='bbox 288 2194 664 2276; x_wconf 83' lang='lat' dir='ltr'>suscepturi</span> <span class='ocrx_word' id='word_1_143' title='bbox 730 2194 1215 2259; x_wconf 88' lang='lat' dir='ltr'>Constantinum</span> <span class='ocrx_word' id='word_1_144' title='bbox 1280 2195 1557 2259; x_wconf 89' lang='lat' dir='ltr'>fuissent</span> <span class='ocrx_word' id='word_1_145' title='bbox 1622 2199 1810 2277; x_wconf 89' lang='lat' dir='ltr'>atque</span> <span class='ocrx_word' id='word_1_146' title='bbox 1878 2195 1958 2259; x_wconf 88' lang='lat' dir='ltr'>ad</span> <span class='ocrx_word' id='word_1_147' title='bbox 2021 2216 2165 2260; x_wconf 88' lang='lat' dir='ltr'>eum</span> <span class='ocrx_word' id='word_1_148' title='bbox 2231 2195 2600 2260; x_wconf 89' lang='lat' dir='ltr'>concursuri</span> 
     </span>
     <span class='ocr_line' id='line_1_17' title="bbox 288 2301 2687 2385; baseline -0.001 -21"><span class='ocrx_word' id='word_1_149' title='bbox 288 2301 627 2364; x_wconf 85' lang='lat' dir='ltr'>alacritate</span> <span class='ocrx_word' id='word_1_150' title='bbox 685 2320 954 2379; x_wconf 89' lang='lat' dir='ltr'>summa,</span> <span class='ocrx_word' id='word_1_151' title='bbox 1007 2302 1060 2365; x_wconf 93' lang='lat' dir='ltr'>si</span> <span class='ocrx_word' id='word_1_152' title='bbox 1120 2302 1409 2366; x_wconf 87' lang='lat' dir='ltr'>uenisset</span> <span class='ocrx_word' id='word_1_153' title='bbox 1457 2304 1761 2366; x_wconf 83' lang='lat' dir='ltr'>armatus,</span> <span class='ocrx_word' id='word_1_154' title='bbox 1855 2303 2142 2385; x_wconf 86' lang='lat' dir='ltr'>suscepit</span> <span class='ocrx_word' id='word_1_155' title='bbox 2186 2302 2401 2384; x_wconf 90' lang='lat' dir='ltr'>itaque</span> <span class='ocrx_word' id='word_1_156' title='bbox 2447 2302 2601 2365; x_wconf 88' lang='lat' dir='ltr'>ima·</span> <span class='ocrx_word' id='word_1_157' title='bbox 2656 2310 2687 2361; x_wconf 87' lang='lat'>3</span> 
     </span>
     <span class='ocr_line' id='line_1_18' title="bbox 290 2407 2598 2491; baseline 0.001 -22"><span class='ocrx_word' id='word_1_158' title='bbox 290 2409 515 2491; x_wconf 88' lang='lat' dir='ltr'>ginem</span> <span class='ocrx_word' id='word_1_159' title='bbox 567 2407 909 2472; x_wconf 87' lang='lat' dir='ltr'>admodum</span> <span class='ocrx_word' id='word_1_160' title='bbox 955 2408 1199 2472; x_wconf 91' lang='lat' dir='ltr'>inuitus</span> <span class='ocrx_word' id='word_1_161' title='bbox 1250 2412 1441 2491; x_wconf 90' lang='lat' dir='ltr'>atque</span> <span class='ocrx_word' id='word_1_162' title='bbox 1487 2408 1616 2491; x_wconf 91' lang='lat' dir='ltr'>ipsi</span> <span class='ocrx_word' id='word_1_163' title='bbox 1661 2429 2008 2491; x_wconf 86' lang='lat' dir='ltr'>purpuram</span> <span class='ocrx_word' id='word_1_164' title='bbox 2055 2409 2254 2487; x_wconf 88' lang='lat' dir='ltr'>misit,</span> <span class='ocrx_word' id='word_1_165' title='bbox 2302 2412 2376 2472; x_wconf 88' lang='lat' dir='ltr'>ut</span> <span class='ocrx_word' id='word_1_166' title='bbox 2430 2409 2598 2472; x_wconf 85' lang='lat' dir='ltr'>ultro</span> 
     </span>
     <span class='ocr_line' id='line_1_19' title="bbox 289 2514 2693 2582; baseline -0.001 -4"><span class='ocrx_word' id='word_1_167' title='bbox 289 2514 612 2580; x_wconf 90' lang='lat' dir='ltr'>asciuisse</span> <span class='ocrx_word' id='word_1_168' title='bbox 659 2515 842 2579; x_wconf 91' lang='lat' dir='ltr'>illum</span> <span class='ocrx_word' id='word_1_169' title='bbox 882 2515 945 2578; x_wconf 92' lang='lat' dir='ltr'>in</span> <span class='ocrx_word' id='word_1_170' title='bbox 987 2515 1358 2581; x_wconf 89' lang='lat' dir='ltr'>societatem</span> <span class='ocrx_word' id='word_1_171' title='bbox 1396 2514 1740 2581; x_wconf 88' lang='lat' dir='ltr'>uideretur.</span> <span class='ocrx_word' id='word_1_172' title='bbox 1832 2516 1957 2581; x_wconf 89' lang='lat' dir='ltr'>iam</span> <span class='ocrx_word' id='word_1_173' title='bbox 1996 2517 2287 2582; x_wconf 88' lang='lat' dir='ltr'>turbatae</span> <span class='ocrx_word' id='word_1_174' title='bbox 2327 2516 2602 2581; x_wconf 86' lang='lat' dir='ltr'>rationes</span> <span class='ocrx_word' id='word_1_175' title='bbox 2659 2525 2693 2576; x_wconf 88' lang='lat'>4</span> 
     </span>
     <span class='ocr_line' id='line_1_20' title="bbox 290 2622 2603 2706; baseline 0 -20"><span class='ocrx_word' id='word_1_176' title='bbox 290 2624 437 2686; x_wconf 89' lang='lat' dir='ltr'>eius</span> <span class='ocrx_word' id='word_1_177' title='bbox 498 2622 748 2687; x_wconf 85' lang='lat' dir='ltr'>fuerant</span> <span class='ocrx_word' id='word_1_178' title='bbox 807 2642 922 2686; x_wconf 90' lang='lat' dir='ltr'>nec</span> <span class='ocrx_word' id='word_1_179' title='bbox 978 2626 1229 2705; x_wconf 88' lang='lat' dir='ltr'>poterat</span> <span class='ocrx_word' id='word_1_180' title='bbox 1284 2624 1554 2687; x_wconf 90' lang='lat' dir='ltr'>alterum</span> <span class='ocrx_word' id='word_1_181' title='bbox 1613 2626 1784 2687; x_wconf 81' lang='lat' dir='ltr'>extra</span> <span class='ocrx_word' id='word_1_182' title='bbox 1839 2642 2174 2687; x_wconf 87' lang='lat' dir='ltr'>numerum</span> <span class='ocrx_word' id='word_1_183' title='bbox 2220 2642 2603 2706; x_wconf 89' lang='lat' dir='ltr'>nuncupare,</span> 
     </span>
    </p>

    <p class='ocr_par' dir='ltr' id='par_1_6' title="bbox 195 2728 2694 3236">
     <span class='ocr_line' id='line_1_21' title="bbox 195 2728 2694 2813; baseline 0.001 -24"><span class='ocrx_word' id='word_1_184' title='bbox 195 2752 247 2789; x_wconf 77' lang='lat'>20</span> <span class='ocrx_word' id='word_1_185' title='bbox 286 2732 363 2791; x_wconf 91' lang='lat' dir='ltr'>ut</span> <span class='ocrx_word' id='word_1_186' title='bbox 436 2731 752 2793; x_wconf 85' lang='lat' dir='ltr'>uoluerat.</span> <span class='ocrx_word' id='word_1_187' title='bbox 856 2729 967 2793; x_wconf 89' lang='lat' dir='ltr'>sed</span> <span class='ocrx_word' id='word_1_188' title='bbox 1030 2729 1195 2793; x_wconf 92' lang='lat' dir='ltr'>illud</span> <span class='ocrx_word' id='word_1_189' title='bbox 1270 2729 1678 2813; x_wconf 83' lang='lat' dir='ltr'>excogitauit,</span> <span class='ocrx_word' id='word_1_190' title='bbox 1742 2733 1816 2792; x_wconf 89' lang='lat' dir='ltr'>ut</span> <span class='ocrx_word' id='word_1_191' title='bbox 1893 2728 2222 2807; x_wconf 87' lang='lat' dir='ltr'>Seuerum,</span> <span class='ocrx_word' id='word_1_192' title='bbox 2290 2730 2398 2812; x_wconf 92' lang='lat' dir='ltr'>qui</span> <span class='ocrx_word' id='word_1_193' title='bbox 2474 2733 2607 2793; x_wconf 89' lang='lat' dir='ltr'>erat</span> <span class='ocrx_word' id='word_1_194' title='bbox 2663 2739 2694 2791; x_wconf 83' lang='lat'>5</span> 
     </span>
     <span class='ocr_line' id='line_1_22' title="bbox 288 2834 2604 2918; baseline 0 -20"><span class='ocrx_word' id='word_1_195' title='bbox 288 2837 508 2898; x_wconf 83' lang='lat' dir='ltr'>aetate</span> <span class='ocrx_word' id='word_1_196' title='bbox 574 2835 899 2913; x_wconf 85' lang='lat' dir='ltr'>maturior,</span> <span class='ocrx_word' id='word_1_197' title='bbox 964 2835 1331 2918; x_wconf 87' lang='lat' dir='ltr'>Augustum</span> <span class='ocrx_word' id='word_1_198' title='bbox 1408 2838 1822 2918; x_wconf 88' lang='lat' dir='ltr'>nuncuparet,</span> <span class='ocrx_word' id='word_1_199' title='bbox 1892 2834 2378 2900; x_wconf 81' lang='lat' dir='ltr'>Constantinum</span> <span class='ocrx_word' id='word_1_200' title='bbox 2456 2855 2604 2899; x_wconf 89' lang='lat' dir='ltr'>uero</span> 
     </span>
     <span class='ocr_line' id='line_1_23' title="bbox 288 2941 2606 3023; baseline 0 -19"><span class='ocrx_word' id='word_1_201' title='bbox 288 2961 421 3006; x_wconf 91' lang='lat' dir='ltr'>non</span> <span class='ocrx_word' id='word_1_202' title='bbox 471 2941 942 3023; x_wconf 84' lang='lat' dir='ltr'>imperatorem,</span> <span class='ocrx_word' id='word_1_203' title='bbox 995 2943 1165 3007; x_wconf 92' lang='lat' dir='ltr'>sicut</span> <span class='ocrx_word' id='word_1_204' title='bbox 1211 2946 1344 3006; x_wconf 90' lang='lat' dir='ltr'>erat</span> <span class='ocrx_word' id='word_1_205' title='bbox 1389 2943 1623 3020; x_wconf 63' lang='lat' dir='ltr'>factm,</span> <span class='ocrx_word' id='word_1_206' title='bbox 1676 2942 1789 3008; x_wconf 88' lang='lat' dir='ltr'>sed</span> <span class='ocrx_word' id='word_1_207' title='bbox 1836 2941 2168 3007; x_wconf 84' lang='lat' dir='ltr'>Caesarem</span> <span class='ocrx_word' id='word_1_208' title='bbox 2216 2962 2362 3006; x_wconf 86' lang='lat' dir='ltr'>cum</span> <span class='ocrx_word' id='word_1_209' title='bbox 2410 2941 2606 3007; x_wconf 87' lang='lat' dir='ltr'>Maxi-</span> 
     </span>
     <span class='ocr_line' id='line_1_24' title="bbox 288 3047 2605 3130; baseline 0.001 -20"><span class='ocrx_word' id='word_1_210' title='bbox 288 3047 471 3112; x_wconf 91' lang='lat' dir='ltr'>mino</span> <span class='ocrx_word' id='word_1_211' title='bbox 532 3048 839 3130; x_wconf 89' lang='lat' dir='ltr'>appellari</span> <span class='ocrx_word' id='word_1_212' title='bbox 894 3048 1163 3124; x_wconf 83' lang='lat' dir='ltr'>iuberet,</span> <span class='ocrx_word' id='word_1_213' title='bbox 1223 3051 1296 3112; x_wconf 89' lang='lat' dir='ltr'>ut</span> <span class='ocrx_word' id='word_1_214' title='bbox 1355 3069 1501 3113; x_wconf 91' lang='lat' dir='ltr'>eum</span> <span class='ocrx_word' id='word_1_215' title='bbox 1559 3049 1634 3112; x_wconf 88' lang='lat' dir='ltr'>de</span> <span class='ocrx_word' id='word_1_216' title='bbox 1695 3049 1970 3113; x_wconf 88' lang='lat' dir='ltr'>secundo</span> <span class='ocrx_word' id='word_1_217' title='bbox 2027 3049 2166 3114; x_wconf 92' lang='lat' dir='ltr'>loco</span> <span class='ocrx_word' id='word_1_218' title='bbox 2223 3049 2490 3113; x_wconf 89' lang='lat' dir='ltr'>reiceret</span> <span class='ocrx_word' id='word_1_219' title='bbox 2542 3049 2605 3112; x_wconf 94' lang='lat' dir='ltr'>in</span> 
     </span>
     <span class='ocr_line' id='line_1_25' title="bbox 290 3158 625 3236; baseline 0.009 -20"><span class='ocrx_word' id='word_1_220' title='bbox 290 3158 625 3236; x_wconf 91' lang='lat' dir='ltr'>quartum.</span> 
     </span>
    </p>

    <p class='ocr_par' dir='ltr' id='par_1_7' title="bbox 194 3260 2695 3660">
     <span class='ocr_line' id='line_1_26' title="bbox 194 3260 2691 3344; baseline 0.001 -23"><span class='ocrx_word' id='word_1_221' title='bbox 194 3285 249 3321; x_wconf 70' lang='lat'>25</span> <span class='ocrx_word' id='word_1_222' title='bbox 388 3263 497 3325; x_wconf 89' lang='grc'>26.</span> <span class='ocrx_word' id='word_1_223' title='bbox 597 3260 1002 3343; x_wconf 85' lang='lat' dir='ltr'>Compositae</span> <span class='ocrx_word' id='word_1_224' title='bbox 1055 3263 1111 3326; x_wconf 87' lang='lat' dir='ltr'>ei</span> <span class='ocrx_word' id='word_1_225' title='bbox 1157 3282 1256 3326; x_wconf 90' lang='lat' dir='ltr'>res</span> <span class='ocrx_word' id='word_1_226' title='bbox 1308 3263 1582 3344; x_wconf 89' lang='lat' dir='ltr'>quodam</span> <span class='ocrx_word' id='word_1_227' title='bbox 1630 3263 1817 3326; x_wconf 87' lang='lat' dir='ltr'>modo</span> <span class='ocrx_word' id='word_1_228' title='bbox 1857 3262 1980 3325; x_wconf 88' lang='lat' dir='ltr'>iam</span> <span class='ocrx_word' id='word_1_229' title='bbox 2022 3262 2419 3340; x_wconf 85' lang='lat' dir='ltr'>uidebantur,</span> <span class='ocrx_word' id='word_1_230' title='bbox 2462 3281 2607 3326; x_wconf 92' lang='lat' dir='ltr'>cum</span> <span class='ocrx_word' id='word_1_231' title='bbox 2666 3273 2691 3324; x_wconf 92' lang='lat'>1</span> 
     </span>
     <span class='ocr_line' id='line_1_27' title="bbox 291 3367 2607 3452; baseline 0 -22"><span class='ocrx_word' id='word_1_232' title='bbox 291 3368 516 3432; x_wconf 87' lang='lat' dir='ltr'>subito</span> <span class='ocrx_word' id='word_1_233' title='bbox 565 3368 664 3430; x_wconf 90' lang='lat' dir='ltr'>illi</span> <span class='ocrx_word' id='word_1_234' title='bbox 714 3367 875 3431; x_wconf 90' lang='lat' dir='ltr'>alius</span> <span class='ocrx_word' id='word_1_235' title='bbox 925 3370 1123 3432; x_wconf 83' lang='lat' dir='ltr'>terror</span> <span class='ocrx_word' id='word_1_236' title='bbox 1168 3369 1417 3434; x_wconf 88' lang='lat' dir='ltr'>adlatus</span> <span class='ocrx_word' id='word_1_237' title='bbox 1469 3372 1588 3446; x_wconf 88' lang='lat' dir='ltr'>est,</span> <span class='ocrx_word' id='word_1_238' title='bbox 1631 3388 1936 3452; x_wconf 87' lang='lat' dir='ltr'>generum</span> <span class='ocrx_word' id='word_1_239' title='bbox 1973 3369 2178 3450; x_wconf 90' lang='lat' dir='ltr'>ipsius</span> <span class='ocrx_word' id='word_1_240' title='bbox 2216 3368 2607 3433; x_wconf 82' lang='lat' dir='ltr'>Maxentium</span> 
     </span>
     <span class='ocr_line' id='line_1_28' title="bbox 289 3473 2604 3557; baseline 0 -20"><span class='ocrx_word' id='word_1_241' title='bbox 289 3475 539 3539; x_wconf 85' lang='lat' dir='ltr'>Romae</span> <span class='ocrx_word' id='word_1_242' title='bbox 607 3473 847 3538; x_wconf 88' lang='lat' dir='ltr'>factum</span> <span class='ocrx_word' id='word_1_243' title='bbox 913 3474 1376 3557; x_wconf 88' lang='lat' dir='ltr'>imperatorem.</span> <span class='ocrx_word' id='word_1_244' title='bbox 1455 3476 1638 3539; x_wconf 88' lang='lat' dir='ltr'>cuius</span> <span class='ocrx_word' id='word_1_245' title='bbox 1705 3477 1918 3539; x_wconf 89' lang='lat' dir='ltr'>motus</span> <span class='ocrx_word' id='word_1_246' title='bbox 1985 3476 2138 3540; x_wconf 89' lang='lat' dir='ltr'>haec</span> <span class='ocrx_word' id='word_1_247' title='bbox 2205 3477 2329 3540; x_wconf 86' lang='lat' dir='ltr'>fuit</span> <span class='ocrx_word' id='word_1_248' title='bbox 2395 3495 2604 3539; x_wconf 90' lang='lat' dir='ltr'>causa.</span> 
     </span>
     <span class='ocr_line' id='line_1_29' title="bbox 292 3580 2695 3660; baseline 0 -16"><span class='ocrx_word' id='word_1_249' title='bbox 292 3600 442 3644; x_wconf 84' lang='lat' dir='ltr'>cum</span> <span class='ocrx_word' id='word_1_250' title='bbox 506 3580 846 3645; x_wconf 87' lang='lat' dir='ltr'>statuisset</span> <span class='ocrx_word' id='word_1_251' title='bbox 906 3581 1201 3646; x_wconf 91' lang='lat' dir='ltr'>censibus</span> <span class='ocrx_word' id='word_1_252' title='bbox 1259 3583 1574 3646; x_wconf 84' lang='lat' dir='ltr'>institutis</span> <span class='ocrx_word' id='word_1_253' title='bbox 1634 3582 1850 3646; x_wconf 90' lang='lat' dir='ltr'>orbem</span> <span class='ocrx_word' id='word_1_254' title='bbox 1909 3586 2110 3646; x_wconf 89' lang='lat' dir='ltr'>terrae</span> <span class='ocrx_word' id='word_1_255' title='bbox 2159 3582 2479 3660; x_wconf 90' lang='lat' dir='ltr'>deuorare,</span> <span class='ocrx_word' id='word_1_256' title='bbox 2530 3582 2608 3645; x_wconf 89' lang='lat' dir='ltr'>ad</span> <span class='ocrx_word' id='word_1_257' title='bbox 2662 3593 2695 3645; x_wconf 81' lang='lat'>2</span> 
     </span>
    </p>
   </div>
   <div class='ocr_carea' id='block_1_3' title="bbox 286 3798 2613 4489">
    <p class='ocr_par' dir='ltr' id='par_1_8' title="bbox 286 3798 2613 4489">
     <span class='ocr_line' id='line_1_30' title="bbox 369 3798 2608 3869; baseline -0 -17"><span class='ocrx_word' id='word_1_258' title='bbox 369 3801 401 3852; x_wconf 84' lang='lat'>5</span> <span class='ocrx_word' id='word_1_259' title='bbox 443 3798 523 3851; x_wconf 90' lang='lat' dir='ltr'>eis</span> <span class='ocrx_word' id='word_1_260' title='bbox 571 3798 632 3865; x_wconf 81' lang='lat' dir='ltr'>G,</span> <span class='ocrx_word' id='word_1_261' title='bbox 672 3814 809 3851; x_wconf 83' lang='lat' dir='ltr'>corr.</span> <span class='ocrx_word' id='word_1_262' title='bbox 847 3799 965 3852; x_wconf 82' lang='lat' dir='ltr'>Bal</span> <span class='ocrx_word' id='word_1_263' title='bbox 1178 3800 1406 3869; x_wconf 89' lang='lat' dir='ltr'>imperio</span> <span class='ocrx_word' id='word_1_264' title='bbox 1453 3800 1511 3868; x_wconf 87' lang='lat' dir='ltr'>C,</span> <span class='ocrx_word' id='word_1_265' title='bbox 1550 3816 1688 3854; x_wconf 82' lang='lat' dir='ltr'>corr.</span> <span class='ocrx_word' id='word_1_266' title='bbox 1728 3801 1846 3853; x_wconf 80' lang='lat' dir='ltr'>Bal</span> <span class='ocrx_word' id='word_1_267' title='bbox 2027 3802 2056 3853; x_wconf 87' lang='lat'><strong>7</strong></span> <span class='ocrx_word' id='word_1_268' title='bbox 2107 3803 2393 3869; x_wconf 84' lang='lat' dir='ltr'>optauerat</span> <span class='ocrx_word' id='word_1_269' title='bbox 2428 3800 2608 3853; x_wconf 80' lang='lat' dir='ltr'>Halm</span> 
     </span>
     <span class='ocr_line' id='line_1_31' title="bbox 288 3886 2606 3957; baseline 0 -15"><span class='ocrx_word' id='word_1_270' title='bbox 288 3889 326 3942; x_wconf 86' lang='grc'>8</span> <span class='ocrx_word' id='word_1_271' title='bbox 370 3903 534 3957; x_wconf 88' lang='lat' dir='ltr'>quam</span> <span class='ocrx_word' id='word_1_272' title='bbox 572 3886 962 3941; x_wconf 89' lang='lat' dir='ltr'>ut—redderet</span> <span class='ocrx_word' id='word_1_273' title='bbox 997 3888 1303 3941; x_wconf 75' lang='lat' dir='ltr'>Heumann</span> <span class='ocrx_word' id='word_1_274' title='bbox 1412 3889 1443 3940; x_wconf 81' lang='lat'>9</span> <span class='ocrx_word' id='word_1_275' title='bbox 1482 3890 1772 3942; x_wconf 85' lang='lat' dir='ltr'>restitutae</span> <span class='ocrx_word' id='word_1_276' title='bbox 1801 3890 2112 3956; x_wconf 69' lang='lat' dir='ltr'>ColumbuS,</span> <span class='ocrx_word' id='word_1_277' title='bbox 2148 3890 2275 3943; x_wconf 84' lang='lat' dir='ltr'>item</span> <span class='ocrx_word' id='word_1_278' title='bbox 2304 3889 2606 3955; x_wconf 78' lang='lat' dir='ltr'>Bentleiu3‚</span> 
     </span>
     <span class='ocr_line' id='line_1_32' title="bbox 288 3974 2601 4045; baseline -0 -16"><span class='ocrx_word' id='word_1_279' title='bbox 288 3976 561 4030; x_wconf 79' lang='lat' dir='ltr'>restituta</span> <span class='ocrx_word' id='word_1_280' title='bbox 607 3974 654 4028; x_wconf 83' lang='lat'><em>0</em></span> <span class='ocrx_word' id='word_1_281' title='bbox 762 3975 822 4027; x_wconf 95' lang='lat'>11</span> <span class='ocrx_word' id='word_1_282' title='bbox 865 3992 1037 4045; x_wconf 87' lang='lat' dir='ltr'>poene</span> <span class='ocrx_word' id='word_1_283' title='bbox 1073 3976 1118 4029; x_wconf 83' lang='lat' dir='ltr'><strong><em>G</em></strong></span> <span class='ocrx_word' id='word_1_284' title='bbox 1226 3977 1291 4029; x_wconf 93' lang='grc'>12</span> <span class='ocrx_word' id='word_1_285' title='bbox 1329 3993 1419 4030; x_wconf 85' lang='lat' dir='ltr'>rex</span> <span class='ocrx_word' id='word_1_286' title='bbox 1463 3977 1523 4043; x_wconf 82' lang='lat'>0,</span> <span class='ocrx_word' id='word_1_287' title='bbox 1561 3993 1699 4031; x_wconf 82' lang='lat' dir='ltr'>corr.</span> <span class='ocrx_word' id='word_1_288' title='bbox 1729 3977 1877 4042; x_wconf 80' lang='lat' dir='ltr'>Bal,·</span> <span class='ocrx_word' id='word_1_289' title='bbox 1913 3977 2016 4030; x_wconf 80' lang='lat' dir='ltr'>del.</span> <span class='ocrx_word' id='word_1_290' title='bbox 2045 3977 2352 4042; x_wconf 76' lang='lat' dir='ltr'>Heumann</span> <span class='ocrx_word' id='word_1_291' title='bbox 2482 3979 2601 4031; x_wconf 75' lang='lat' dir='ltr'>(et)</span> 
     </span>
     <span class='ocr_line' id='line_1_33' title="bbox 286 4055 2607 4136; baseline 0 -19"><span class='ocrx_word' id='word_1_292' title='bbox 286 4065 447 4118; x_wconf 87' lang='lat' dir='ltr'>illam</span> <span class='ocrx_word' id='word_1_293' title='bbox 491 4080 809 4132; x_wconf 77' lang='lat' dir='ltr'>anonymus</span> <span class='ocrx_word' id='word_1_294' title='bbox 836 4081 894 4132; x_wconf 81' lang='lat' dir='ltr'>p.</span> <span class='ocrx_word' id='word_1_295' title='bbox 942 4069 1020 4118; x_wconf 90' lang='lat'>50</span> <span class='ocrx_word' id='word_1_296' title='bbox 1130 4066 1195 4118; x_wconf 84' lang='lat'>15</span> <span class='ocrx_word' id='word_1_297' title='bbox 1236 4067 1538 4136; x_wconf 88' lang='lat' dir='ltr'>suscepturi</span> <span class='ocrx_word' id='word_1_298' title='bbox 1566 4055 1708 4129; x_wconf 79' lang='lat' dir='ltr'>Bal,</span> <span class='ocrx_word' id='word_1_299' title='bbox 1749 4069 2069 4135; x_wconf 67' lang='lat' dir='ltr'>susceptura</span> <span class='ocrx_word' id='word_1_300' title='bbox 2113 4066 2161 4119; x_wconf 83' lang='grc' dir='ltr'><em>Ο</em></span> <span class='ocrx_word' id='word_1_301' title='bbox 2299 4066 2607 4119; x_wconf 89' lang='lat' dir='ltr'>concursuri</span> 
     </span>
     <span class='ocr_line' id='line_1_34' title="bbox 291 4153 2608 4223; baseline 0 -17"><span class='ocrx_word' id='word_1_302' title='bbox 291 4155 435 4221; x_wconf 84' lang='lat' dir='ltr'>Bal,</span> <span class='ocrx_word' id='word_1_303' title='bbox 475 4170 771 4207; x_wconf 86' lang='lat' dir='ltr'>concursus</span> <span class='ocrx_word' id='word_1_304' title='bbox 816 4153 862 4207; x_wconf 78' lang='lat' dir='ltr'><em>G</em></span> <span class='ocrx_word' id='word_1_305' title='bbox 970 4154 1034 4207; x_wconf 91' lang='lat'>16</span> <span class='ocrx_word' id='word_1_306' title='bbox 1074 4154 1121 4207; x_wconf 88' lang='lat' dir='ltr'>si</span> <span class='ocrx_word' id='word_1_307' title='bbox 1158 4155 1400 4208; x_wconf 88' lang='lat' dir='ltr'>uenisset</span> <span class='ocrx_word' id='word_1_308' title='bbox 1437 4155 1573 4222; x_wconf 76' lang='lat' dir='ltr'>Bal,</span> <span class='ocrx_word' id='word_1_309' title='bbox 1610 4155 1913 4208; x_wconf 86' lang='lat' dir='ltr'>inuenisset</span> <span class='ocrx_word' id='word_1_310' title='bbox 1955 4155 2002 4209; x_wconf 82' lang='lat' dir='ltr'><em>C</em></span> <span class='ocrx_word' id='word_1_311' title='bbox 2140 4156 2195 4208; x_wconf 92' lang='lat' dir='ltr'>in</span> <span class='ocrx_word' id='word_1_312' title='bbox 2234 4154 2507 4223; x_wconf 87' lang='lat' dir='ltr'>maginem</span> <span class='ocrx_word' id='word_1_313' title='bbox 2546 4153 2608 4219; x_wconf 81' lang='grc' dir='ltr'>Ο,</span> 
     </span>
     <span class='ocr_line' id='line_1_35' title="bbox 288 4242 2613 4311; baseline -0.001 -14"><span class='ocrx_word' id='word_1_314' title='bbox 288 4260 435 4297; x_wconf 81' lang='lat' dir='ltr'>corr.</span> <span class='ocrx_word' id='word_1_315' title='bbox 474 4243 597 4296; x_wconf 77' lang='lat' dir='ltr'>Bal</span> <span class='ocrx_word' id='word_1_316' title='bbox 783 4242 846 4296; x_wconf 88' lang='grc'>18</span> <span class='ocrx_word' id='word_1_317' title='bbox 888 4243 1123 4296; x_wconf 87' lang='lat' dir='ltr'>ascuisse</span> <span class='ocrx_word' id='word_1_318' title='bbox 1169 4244 1217 4297; x_wconf 83' lang='grc' dir='ltr'><em>Ο</em></span> <span class='ocrx_word' id='word_1_319' title='bbox 1398 4244 1651 4297; x_wconf 87' lang='lat' dir='ltr'>turbatae</span> <span class='ocrx_word' id='word_1_320' title='bbox 1688 4243 1825 4311; x_wconf 75' lang='lat' dir='ltr'>Bal,</span> <span class='ocrx_word' id='word_1_321' title='bbox 1863 4244 2023 4297; x_wconf 86' lang='lat' dir='ltr'>turba</span> <span class='ocrx_word' id='word_1_322' title='bbox 2068 4244 2115 4298; x_wconf 82' lang='lat' dir='ltr'><em>C</em></span> <span class='ocrx_word' id='word_1_323' title='bbox 2289 4244 2359 4298; x_wconf 90' lang='grc'>20</span> <span class='ocrx_word' id='word_1_324' title='bbox 2396 4242 2523 4296; x_wconf 92' lang='lat' dir='ltr'>illut</span> <span class='ocrx_word' id='word_1_325' title='bbox 2567 4243 2613 4295; x_wconf 76' lang='lat' dir='ltr'><em>G</em></span> 
     </span>
     <span class='ocr_line' id='line_1_36' title="bbox 288 4331 2611 4403; baseline -0 -18"><span class='ocrx_word' id='word_1_326' title='bbox 288 4334 367 4385; x_wconf 88' lang='grc'>22</span> <span class='ocrx_word' id='word_1_327' title='bbox 406 4332 702 4400; x_wconf 79' lang='lat' dir='ltr'>Maximino</span> <span class='ocrx_word' id='word_1_328' title='bbox 741 4331 878 4398; x_wconf 86' lang='lat' dir='ltr'>Bal,</span> <span class='ocrx_word' id='word_1_329' title='bbox 915 4332 1236 4385; x_wconf 82' lang='lat' dir='ltr'>maximiano</span> <span class='ocrx_word' id='word_1_330' title='bbox 1274 4332 1322 4385; x_wconf 83' lang='grc' dir='ltr'><em>Ο</em></span> <span class='ocrx_word' id='word_1_331' title='bbox 1424 4333 1492 4386; x_wconf 88' lang='grc'>25</span> <span class='ocrx_word' id='word_1_332' title='bbox 1533 4335 1777 4403; x_wconf 75' lang='lat' dir='ltr'>coposite</span> <span class='ocrx_word' id='word_1_333' title='bbox 1810 4333 1857 4387; x_wconf 83' lang='lat'><em>0</em></span> <span class='ocrx_word' id='word_1_334' title='bbox 1999 4333 2231 4402; x_wconf 87' lang='lat' dir='ltr'>quodam</span> <span class='ocrx_word' id='word_1_335' title='bbox 2257 4333 2392 4398; x_wconf 75' lang='lat' dir='ltr'>Bal,</span> <span class='ocrx_word' id='word_1_336' title='bbox 2423 4348 2527 4400; x_wconf 91' lang='lat' dir='ltr'>quo</span> <span class='ocrx_word' id='word_1_337' title='bbox 2567 4331 2611 4384; x_wconf 82' lang='lat'><em>0</em></span> 
     </span>
     <span class='ocr_line' id='line_1_37' title="bbox 291 4419 2295 4489; baseline -0 -14"><span class='ocrx_word' id='word_1_338' title='bbox 291 4422 367 4475; x_wconf 90' lang='grc'>26</span> <span class='ocrx_word' id='word_1_339' title='bbox 405 4420 744 4474; x_wconf 82' lang='lat' dir='ltr'>maxencium</span> <span class='ocrx_word' id='word_1_340' title='bbox 787 4419 848 4486; x_wconf 89' lang='lat' dir='ltr'>C,</span> <span class='ocrx_word' id='word_1_341' title='bbox 882 4420 963 4474; x_wconf 80' lang='lat' dir='ltr'>sic</span> <span class='ocrx_word' id='word_1_342' title='bbox 998 4420 1164 4474; x_wconf 81' lang='lat' dir='ltr'>etiam</span> <span class='ocrx_word' id='word_1_343' title='bbox 1203 4423 1355 4475; x_wconf 80' lang='lat' dir='ltr'>alias</span> <span class='ocrx_word' id='word_1_344' title='bbox 1463 4421 1531 4476; x_wconf 84' lang='grc'>28</span> <span class='ocrx_word' id='word_1_345' title='bbox 1572 4421 1859 4476; x_wconf 86' lang='lat' dir='ltr'>deuoraret</span> <span class='ocrx_word' id='word_1_346' title='bbox 1903 4422 1961 4489; x_wconf 80' lang='lat'>0,</span> <span class='ocrx_word' id='word_1_347' title='bbox 2002 4438 2138 4479; x_wconf 81' lang='lat' dir='ltr'>corr.</span> <span class='ocrx_word' id='word_1_348' title='bbox 2177 4423 2295 4475; x_wconf 85' lang='lat' dir='ltr'>Bal</span> 
     </span>
    </p>
   </div>
   <div class='ocr_carea' id='block_1_4' title="bbox 354 4525 2534 4595">
    <p class='ocr_par' dir='ltr' id='par_1_9' title="bbox 354 4525 2534 4595">
     <span class='ocr_line' id='line_1_38' title="bbox 354 4525 2534 4595; baseline -0.003 -12"><span class='ocrx_word' id='word_1_349' title='bbox 354 4546 538 4586; x_wconf 85' lang='lat' dir='ltr'>XXVII.</span> <span class='ocrx_word' id='word_1_350' title='bbox 570 4548 699 4587; x_wconf 82' lang='lat' dir='ltr'>Lact.</span> <span class='ocrx_word' id='word_1_351' title='bbox 730 4549 772 4595; x_wconf 82' lang='lat'>2,</span> <span class='ocrx_word' id='word_1_352' title='bbox 804 4544 916 4585; x_wconf 78' lang='lat' dir='ltr'>fasc.</span> <span class='ocrx_word' id='word_1_353' title='bbox 948 4548 988 4590; x_wconf 84' lang='grc'>2,</span> <span class='ocrx_word' id='word_1_354' title='bbox 2469 4525 2534 4577; x_wconf 87' lang='grc'>14</span> 
     </span>
    </p>
   </div>
  </div>
 </body>
</html>
