3132 5043
561 469 692 541 236
1098 468 1199 521 De
1255 469 1647 524 mortibus
1702 476 2302 540 persecutorum

559 662 714 726 mini
759 662 963 727 filium
1014 659 1251 751 [suum]
1293 665 1638 729 maximum
1687 668 1978 751 agentem
2023 666 2088 731 in
2136 667 2315 732 annis
2363 669 2503 732 octo
2549 670 2614 732 et
2648 667 2843 732 filiam

559 775 948 852 septennem,
982 789 1142 852 quae
1173 771 1488 855 desponsa
1524 772 1731 837 fuerat
1761 772 2171 849 CandidianO,
2204 773 2483 838 extinxit.
2516 774 2629 839 sed
2664 774 2841 857 prius

555 879 759 939 mater
803 894 1020 940 eorum
1065 876 1127 940 in
1170 874 1469 942 Orontem
1506 878 1925 962 praecipitata
1959 883 2089 944 est:
2136 878 2229 944 ibi
2265 898 2452 963 saepe
2488 879 2601 943 illa
2637 882 2843 944 castas

465 988 497 1037 7
554 981 820 1047 feminas
858 985 1063 1067 mergi
1098 983 1393 1049 iusserat.
1440 1004 1443 1007 ·
1488 984 1581 1050 sic
1631 1004 1850 1051 omnes
1888 985 2071 1069 impii
2107 1005 2257 1051 uero
2298 990 2363 1051 et
2397 986 2570 1051 iusto
2606 986 2842 1052 iudicio

469 1198 494 1250 1

556 1087 659 1151 dei
704 1088 922 1153 eadem
972 1109 1131 1172 quae
1177 1091 1475 1169 fecerant,
1524 1097 1916 1175 receperunt.
2243 1163 2250 1173 ‚

645 1196 747 1260 51.
837 1192 1088 1262 Valeria
1143 1217 1393 1281 quoque
1449 1216 1561 1281 per
1606 1197 1817 1264 uarias
1865 1199 2224 1285 prouincias
2273 1199 2632 1283 quindecim
2674 1219 2845 1264 men-

555 1300 733 1365 sibus
785 1302 1036 1386 plebeio
1096 1306 1276 1369 cultu
1330 1308 1681 1391 peruagata
1734 1310 2056 1391 postremo
2120 1307 2287 1391 apud
2333 1306 2845 1385 Thessalonicam

462 1410 497 1461 2
553 1407 828 1492 cognita,
869 1411 1316 1492 comprehensa
1366 1431 1513 1477 cum
1560 1415 1762 1478 matre
1801 1432 2042 1497 'poenas
2090 1413 2281 1479 dedit.
2376 1413 2603 1478 ductae
2647 1412 2848 1497 igitur

550 1515 850 1581 mulieres
908 1536 1053 1582 cum
1106 1518 1350 1603 ingenti
1406 1522 1774 1605 spectaculo
1841 1525 1907 1586 et
1968 1521 2374 1586 miseratione
2437 1519 2599 1584 tanti
2657 1539 2845 1585 casus

2903 1115 2928 1157 5

551 1620 631 1684 ad
678 1623 1086 1706 supplicium,
1135 1628 1199 1690 et
1245 1626 1593 1708 amputatis
1644 1626 1959 1710 capitibus
2008 1646 2270 1710 corpora
2316 1646 2531 1692 earum
2566 1627 2632 1690 in
2667 1645 2843 1691 mare
2880 1650 2929 1690 10

551 1731 798 1796 abiecta
824 1735 1012 1797 sunt.
1105 1732 1198 1796 ita
1240 1733 1373 1798 illis
1419 1733 1734 1816 pudicitia
1779 1738 1845 1799 et
1892 1734 2177 1800 condicio
2201 1734 2418 1809 ‚exitio
2463 1733 2604 1798 fuit.

641 1838 747 1905 52.
840 1837 1013 1918 Quae
1053 1839 1262 1904 omnia
1300 1840 1651 1905 secundum
1687 1840 1879 1906 fidem
1907 1879 1993 1886 -—-
2024 1840 2250 1906 scienti
2289 1840 2456 1906 enim
2489 1842 2716 1923 loquor
2752 1875 2843 1885 —

547 1944 640 2008 ita
694 1948 767 2011 ut
822 1950 1004 2030 gesta
1058 1949 1210 2012 sunt
1263 1947 1619 2012 mandanda
1661 1948 1896 2013 litteris
1944 1947 2201 2025 credidi,
2240 1966 2318 2012 ne
2373 1949 2486 2011 aut
2538 1946 2842 2012 memoria

723 2127 921 2182 LOCI
949 2126 1403 2184 AVCTORVM
1439 2128 2056 2185 EXPILATORVM
2087 2129 2431 2185 SIMILES
2534 2131 2571 2183 4
2597 2146 2638 2187 s.
2667 2130 2841 2195 (sic—

546 2234 685 2286 quae
742 2217 998 2277 fecerant,
1052 2219 1418 2287 receperunt)]
1476 2217 1787 2287 Hieronym.
1840 2217 2202 2273 Commentar.
2248 2219 2304 2272 in
2352 2218 2569 2273 Zachar.
2613 2217 2707 2270 lib.
2755 2217 2843 2271 III

544 2322 662 2375 cap.
701 2305 826 2359 xlv
865 2307 994 2377 (uol.
1031 2306 1108 2359 VI
1143 2325 1195 2376 p.
1236 2304 1408 2361 826A
1445 2306 1640 2373 vall.):
1689 2324 1788 2360 nos
1835 2312 2017 2362 autem
2070 2307 2310 2362 dicemus
2357 2324 2540 2361 omnes
2585 2322 2839 2376 persecu·

543 2400 688 2448 tores
738 2396 828 2463 qui
866 2395 1173 2449 afflixerunt
1210 2396 1492 2450 eeclesiam
1530 2394 1752 2459 domini,
1782 2399 1844 2449 ut
1871 2400 2145 2451 taceamus
2176 2396 2242 2451 de
2267 2395 2466 2449 futuris
2495 2394 2839 2459 cruciatibus,

542 2484 710 2538 etiam
740 2484 797 2538 in
825 2484 1098 2555 praesenti
1126 2485 1346 2540 saeculo
1383 2486 1753 2557 recepisse
1794 2503 1970 2556 quae
2008 2486 2343 2542 fecerint.
2380 2487 2626 2556 legamus
2663 2485 2837 2540 eccle-

542 2573 789 2627 siasticas
826 2574 1100 2638 historias,
1142 2575 1271 2643 quid
1308 2574 1648 2638 ValerianuS,
1689 2575 1820 2644 quid
1855 2575 2074 2638 Decius,
2115 2575 2247 2645 quid
2273 2576 2663 2632 Diocletianus.
2702 2573 2838 2644 quid

541 2661 972 2723 Maximinianus.
1024 2661 1156 2730 quid
1204 2664 1553 2716 saeuissimus
1602 2663 1838 2716 omnium
1887 2663 2208 2718 Maximinus
2266 2666 2320 2716 ct
2375 2679 2549 2732 nuper
2590 2663 2835 2716 Iulianus

540 2750 688 2817 passi
724 2751 851 2812 sint,
882 2754 939 2803 et
974 2754 1107 2804 tunc
1144 2750 1304 2804 rebus
1341 2751 1691 2821 probabimus
1732 2752 1895 2805 etiam
1934 2751 2084 2805 iuxta
2120 2752 2362 2805 litteram
2389 2750 2706 2820 prophetiae
2733 2768 2833 2805 ue·

538 2838 758 2912 ritatem
795 2854 912 2892 esse
950 2839 1289 2909 completam,
1329 2839 1474 2909 quod
1512 2840 1939 2910 computruerint
1976 2857 2160 2894 carnes
2200 2856 2381 2895 eorum
2420 2843 2477 2893 et
2514 2840 2654 2894 oculi
2701 2856 2833 2894 con·

535 2925 813 2979 tabuerint
850 2930 906 2980 et
940 2927 1130 2998 lingua
1166 2927 1223 2981 in
1258 2929 1547 2998 paedorem
1588 2933 1644 2982 et
1679 2929 1888 2983 saniem
1926 2928 2192 2982 dissoluta
2230 2930 2318 2984 sit.

536 3049 857 3104 hereditatis
894 3051 1008 3105 iure
1046 3051 1332 3106 succedere
1370 3051 1570 3106 Sucina
1607 3052 1775 3119 (conl.
1814 3069 1857 3108 ο.
1891 3056 1983 3116 39,
2013 3057 2043 3105 1
2079 3056 2207 3121 εε.),·
2243 3054 2313 3120 cf.
2352 3051 2674 3107 hereditatis
2710 3051 2831 3104 iure

536 3157 581 3195 c.
622 3141 716 3203 26,
765 3142 801 3192 6

613 3229 638 3281 1
681 3244 837 3281 suum
875 3228 978 3282 del.
1014 3229 1356 3295 Boherellue,
1393 3233 1529 3283 natu
1573 3229 1730 3295 Gale,
1769 3232 1882 3283 tum
1911 3229 2246 3297 Heumann5
2279 3232 2398 3283 tum
2435 3229 2661 3283 maxime
2699 3228 2828 3282 Tol-

533 3318 645 3371 lius
858 3317 913 3370 in
953 3317 1108 3371 annis
1147 3323 1269 3372 octo
1308 3320 1412 3386 (sic
1448 3335 1709 3374 numerus
1744 3319 2088 3388 perscriptus
2124 3324 2202 3372 eat
2234 3319 2299 3372 in
2340 3317 2434 3386 0)]
2473 3317 2531 3371 in
2571 3315 2827 3373 (Cilicia)

534 3406 689 3460 aunis
729 3409 851 3459 octo
896 3406 1208 3471 Columbae,
1245 3409 1354 3462 iam
1393 3425 1560 3463 annos
1601 3412 1723 3462 octo
1769 3407 1930 3473 Gale,
1969 3425 2137 3462 annos
2176 3411 2299 3462 octo
2347 3407 2581 3474 Tollius,
2628 3422 2825 3460 annum

536 3499 785 3549 octauum
821 3494 1127 3550 Heumann
1375 3498 1408 3552 3
1464 3500 1640 3552 mater
1683 3513 1725 3550 a.
1768 3497 1802 3552 l.
1841 3513 1908 3551 eoe
1953 3500 2180 3550 matrem
2232 3495 2280 3549 0
2563 3494 2827 3549 Orontem

532 3584 649 3650 (uel
681 3588 1003 3653 torrentem)
1044 3586 1152 3639 ‘uir
1184 3587 1319 3642 reu)
1354 3587 1418 3642 in
1453 3586 1535 3642 ed.
1582 3586 1758 3641 Oxon.
1796 3588 1970 3652 1680,
2014 3587 2145 3640 item
2192 3586 2299 3639 alii
2336 3602 2425 3655 ap,
2464 3581 2826 3646 Bauldriam,

533 3677 827 3728 torrentem
866 3673 1125 3729 Orontem
1162 3675 1464 3740 Bentleius,
1503 3675 1765 3729 orientem
1807 3674 1878 3742 C,-
1929 3673 2209 3730 Orientem
2246 3674 2367 3728 Bal
2401 3674 2564 3729 etiam
2600 3671 2826 3726 secund.

531 3763 680 3815 cums
714 3763 909 3819 retinet
1016 3762 1108 3816 ubi
1147 3779 1456 3833 anonymus
1483 3781 1544 3832 p.
1589 3765 1665 3817 68
1807 3764 1901 3816 ille
1942 3765 2039 3829 (sc.
2076 3763 2418 3826 MaximinuS,
2456 3762 2526 3830 cf.
2556 3776 2598 3817 c.
2630 3762 2722 3823 38,
2754 3763 2821 3827 2)

541 3851 754 3905 Tollius
942 3854 974 3906 6
1030 3869 1150 3921 cap.
1195 3856 1261 3907 51
1303 3853 1552 3922 spurium
1603 3852 1720 3907 uid.
1759 3852 1967 3907 Eberto
2006 3853 2105 3922 (cf.
2144 3851 2224 3905 ad
2248 3869 2309 3921 p.
2348 3855 2475 3915 217,
2521 3854 2579 3917 7)
2606 3864 2670 3919 p.
2707 3853 2823 3904 124

530 3955 585 3993 n.
624 3942 695 3993 19
822 3942 852 3994 7
891 3941 1242 3996 tesalonicam
1287 3941 1334 3993 0
1464 3941 1497 3995 8
1536 3941 1939 4012 conpraehensa
1977 3939 2050 4008 0;
2085 3944 2203 4002 <et>
2243 3940 2628 4009 comprehensa
2660 3939 2821 3993 Heu-

530 4045 704 4081 mann
846 4031 878 4083 9
916 4031 1257 4085 miseracioni
1299 4030 1357 4094 Ο,
1396 4046 1534 4086 corr.
1573 4030 1693 4084 Bal
1840 4031 1906 4086 10
1943 4030 2276 4100 amputantis
2319 4028 2367 4082 0
2533 4044 2716 4082 eorum
2759 4027 2818 4090 C,

532 4132 667 4171 corr.
706 4118 824 4172 Bal
951 4119 1014 4172 11
1053 4119 1168 4173 illic
1210 4117 1270 4182 0,
1310 4134 1447 4173 corr.
1487 4119 1606 4173 Bal
1769 4118 2069 4173 conditioni
2111 4118 2170 4182 G,
2209 4135 2348 4173 corr.
2387 4117 2536 4184 Bal;
2575 4115 2818 4171 condicio

531 4203 587 4257 in
633 4206 855 4260 exitium
901 4206 1007 4260 fuit
1050 4208 1403 4272 Arntzeniue,
1448 4208 1728 4279 Paneyyr.
1775 4212 1942 4262 aeter.
1988 4208 2028 4261 Ι
2067 4211 2182 4262 197
2365 4207 2432 4260 12
2486 4205 2645 4259 fidem
2684 4204 2818 4266 Bal,

530 4293 690 4346 finem
742 4293 790 4346 Ο
929 4295 1123 4351 scienti
1175 4297 1315 4351 enim
1362 4314 1483 4352 cnm
1535 4296 1582 4350 C
1626 4312 1936 4367 anonymus
1977 4314 2032 4365 p.
2077 4300 2171 4364 68,
2218 4297 2504 4351 scientium
2547 4294 2696 4360 Bal‚·
2743 4293 2824 4348 ad

530 4381 678 4451 quod
711 4382 999 4438 Bentleius
1036 4385 1232 4441 scienti
1272 4386 1413 4442 enim
1454 4388 1548 4453 (ex
1578 4387 1766 4440 adnot.
1797 4386 1879 4440 Le
1898 4386 2179 4456 Nourryi)
2217 4385 2449 4454 asor-ips.
2592 4383 2743 4438 locor
2777 4382 2824 4436 G
