3132 5043
1192 428 1401 482 liber
1440 445 1481 497 c,
1526 430 1752 481 1-1—14.
2498 434 2620 496 187

318 625 703 705 praetoriani
762 626 894 690 acie
953 629 1199 689 structa
1244 645 1388 690 cum
1440 626 1769 690 securibus
1821 630 1884 689 et
1931 627 2073 690 aliis
2119 626 2514 691 ferramentis
2563 630 2626 690 et

319 732 598 796 immissi
654 733 931 815 undique
990 734 1207 797 fanum
1262 733 1425 798 illud
1484 734 1910 798 editissimum
1973 734 2196 815 paucis
2261 734 2431 798 horis
2489 733 2622 797 solo

319 838 775 921 adaequarunt.

412 948 520 1014 13.
615 947 932 1011 Postridie
988 948 1389 1029 propositum
1449 950 1548 1011 est
1606 947 1885 1011 edictum
1944 967 2067 1029 quo
2131 947 2494 1021 canebatur,
2554 950 2628 1009 ut

253 1064 279 1103 5
315 1053 649 1136 religionis
704 1053 881 1116 illius
938 1054 1226 1117 homines
1289 1057 1570 1117 carerent
1626 1054 1796 1118 omni
1853 1055 2086 1118 honore
2154 1072 2223 1117 ac
2291 1052 2624 1136 dignitate,

317 1160 658 1224 tormentis
726 1160 999 1224 subiecti
1066 1163 1297 1236 essent,
1367 1180 1437 1223 ex
1504 1180 1907 1242 quocumque
1975 1161 2187 1225 ordine
2253 1163 2363 1225 aut
2427 1160 2625 1243 gradu

317 1266 630 1343 uenirent,
682 1267 989 1332 aduersus
1048 1286 1154 1331 eos
1213 1267 1415 1332 omnis
1475 1268 1639 1332 actio
1691 1269 1952 1342 ualeret,
1999 1268 2127 1350 ipsi
2172 1287 2296 1332 non
2344 1267 2418 1330 de
2463 1267 2625 1330 iniu-

314 1373 433 1450 ria,
483 1393 606 1437 non
645 1373 750 1436 ‚de
818 1374 1150 1449 adulterio,
1208 1393 1331 1438 non
1399 1373 1473 1437 de
1537 1375 1728 1438 rebus
1796 1374 2024 1438 ablatis
2092 1393 2277 1457 agere
2341 1376 2623 1455 possent,

314 1480 681 1544 libertatem
752 1481 1023 1563 denique
1088 1500 1158 1545 ac
1224 1500 1450 1544 uocem
1515 1501 1636 1545 non
1695 1482 2019 1545 haberent.
2112 1480 2280 1563 quod
2345 1479 2624 1543 edictum

229 1607 279 1646 10
320 1587 586 1668 quidam
644 1588 766 1652 etsi
822 1608 942 1652 non
998 1592 1191 1665 recte,
1238 1608 1469 1672 magno
1526 1591 1737 1652 tamen
1797 1589 2000 1652 animo
2051 1586 2328 1669 deripuit
2375 1595 2439 1649 et
2485 1605 2626 1649 con-

318 1693 538 1770 scidit,
580 1714 725 1758 cum
761 1693 1030 1758 irridens
1072 1695 1307 1758 diceret
1352 1695 1655 1759 uictorias
1697 1694 2054 1760 Gothorum
2094 1697 2157 1757 et
2196 1694 2625 1758 Sarmatarum

314 1802 705 1883 propositas.
800 1802 1145 1882 statimque
1173 1802 1521 1883 perductus
1560 1821 1681 1867 non
1722 1802 1910 1865 modo
1952 1804 2253 1878 extortus,
2287 1800 2397 1863 sed
2436 1799 2625 1863 etiam

315 1907 613 1989 legitime
663 1912 881 1973 coctus
923 1928 1070 1972 cum
1109 1908 1466 1972 admirabili
1504 1908 1810 1991 patientia
1846 1911 2165 1990 postremo
2207 1910 2466 1970 exustus
2508 1909 2622 1969 est.

418 2015 522 2078 14.
621 2013 745 2078 Sed
802 2014 1035 2080 Caesar
1094 2036 1213 2080 non
1285 2008 1620 2079 c'ontentus
1690 2018 1788 2079 est
1854 2014 2046 2078 edicti
2108 2014 2394 2096 legibus:
2445 2011 2627 2074 aliter

230 2132 278 2169 1⁵
318 2120 800 2185 Diocletianum
865 2122 1127 2205 aggredi
1191 2124 1390 2205 parat.
1485 2141 1629 2185 nam
1697 2126 1770 2186 ut
1834 2123 2016 2185 illum
2086 2121 2164 2185 ad
2226 2118 2627 2202 propositum

319 2227 805 2292 crudelissimae
835 2230 1298 2311 persecutionis
1330 2230 1706 2311 impelleret,
1738 2230 2008 2293 occultis
2049 2227 2359 2292 ministris
2390 2225 2625 2307 palatio

323 2333 607 2397 subiecit
652 2334 1036 2411 incendium,
1087 2340 1151 2399 et
1197 2355 1343 2400 cum
1389 2356 1535 2417 pars
1585 2336 1893 2417 quaedam
1937 2335 2412 2417 conflagrasset,
2453 2330 2626 2396 Chri-

323 2440 520 2504 stiani
561 2441 987 2526 arguebantur
1023 2443 1208 2507 uelut
1243 2444 1459 2507 hostes
1498 2443 1739 2525 publici
1780 2446 1843 2506 et
1882 2438 2072 2530 [cum]
2105 2440 2350 2523 ingenti
2385 2438 2628 2502 inuidia

323 2549 524 2613 simul
565 2568 713 2613 cum
750 2550 986 2632 palatio
1029 2550 1530 2616 Christianorum
1572 2569 1799 2614 nomen
1839 2550 2124 2613 ardebat:
2174 2549 2321 2612 illos
2360 2546 2624 2610 consilio

232 2676 285 2716 20
322 2674 472 2719 cum
533 2657 844 2721 eunuchis
901 2658 1117 2722 habito
1177 2658 1252 2722 de
1319 2658 1760 2742 extinguendis
1824 2656 2218 2739 principibus
2286 2654 2624 2738 cogitasse,

320 2763 486 2827 duos
553 2763 967 2845 imperatores
1045 2763 1218 2829 domi
1284 2784 1434 2828 suae
1498 2784 1698 2846 paene
1750 2764 1953 2828 ·uiuos
2027 2783 2167 2828 esse
2233 2762 2625 2826 combustos

319 2869 766 2934 Diocletianus
823 2891 996 2947 uer0,
1057 2872 1165 2953 qui
1223 2890 1470 2953 semper
1526 2891 1593 2935 se
1649 2871 1908 2935 uolebat
1963 2870 2166 2933 uideri
2222 2870 2506 2932 astutum
2564 2867 2627 2928 et

318 2977 827 3060 intellegentem,
879 2978 1033 3041 nihil
1089 2979 1304 3059 potuit
1361 2978 1690 3060 suspicari,
1740 2978 1851 3041 sed
1904 2979 1998 3041 ira
2050 2976 2480 3040 inflammatus
2530 2992 2624 3035 ex-

399 3276 422 3327 1
466 3273 736 3326 instructa.
780 3273 1039 3340 CuperuS,
1077 3274 1204 3326 item
1240 3274 1530 3326 Bentleius
1655 3273 1687 3325 2
1728 3274 1902 3325 imissi
1946 3273 1992 3325 C
2131 3273 2315 3325 funum
2361 3272 2625 3340 CuperuS,

319 3366 435 3415 tam
480 3362 551 3428 G,·
589 3367 773 3415 tamen
811 3363 947 3428 Bal,
982 3363 1246 3431 templum
1292 3362 1643 3428 GolomesinS,
1686 3363 1806 3415 alia
1847 3379 1935 3429 ap.
1976 3362 2348 3429 Banldrium5
2392 3362 2517 3414 illut
2555 3359 2623 3430 C,-

316 3453 537 3504 tantum
590 3451 729 3504 illud
782 3450 1086 3505 aedificium
1141 3450 1474 3517 (aedificium
1522 3453 1639 3503 iam
1696 3450 1967 3518 Cuperus)
2024 3452 2262 3517 avitiqua
2315 3467 2514 3504 maanus
2561 3453 2624 3504 in

320 3537 584 3593 editionis
620 3540 979 3593 Baluzianae
1016 3541 1318 3607 exemplari
1353 3541 1802 3609 Heiclelberyensi
1875 3543 1909 3592 4
1945 3541 2080 3593 Post
2117 3538 2279 3609 tridie
2317 3539 2363 3591 (J
2431 3540 2462 3592 6
2493 3541 2620 3592 sub—

318 3629 474 3684 iecti*
516 3631 567 3694 (s
608 3633 710 3694 er.)
757 3629 801 3680 C
908 3631 1023 3697 aut]
1067 3647 1128 3682 ac
1174 3629 1471 3682 Columbus
1583 3630 1610 3681 7
1654 3645 1837 3681 omnes
1875 3628 1992 3680 Bal
2102 3628 2312 3680 ualeret
2355 3627 2620 3696 Cnperns,

322 3717 526 3770 caleret
566 3717 638 3783 C,·
675 3718 882 3771 exactio
925 3719 1123 3771 caleret
1160 3719 1362 3771 Susius
1389 3736 1451 3786 p.
1489 3721 1561 3771 13
1701 3718 1733 3770 8
1772 3703 2061 3779 aldulterio
2108 3717 2153 3769 G
2281 3718 2345 3770 10
2385 3716 2625 3785 deripuit

327 3806 561 3870 Tollius,
604 3805 833 3876 diripuit
875 3807 921 3860 C
1063 3809 1125 3860 11
1168 3812 1419 3875 gotorum
1460 3808 1502 3858 0
1660 3808 1724 3860 12
1762 3807 2068 3876 propositas
2115 3805 2428 3872 Columba-9,
2465 3822 2620 3874 prae-

318 3897 528 3963 positas
576 3894 624 3948 G
926 3895 1218 3965 perductus
1264 3897 1321 3958 Ο,
1362 3896 1511 3964 quod
1548 3897 1760 3963 probat
1813 3896 1990 3948 Halm
2032 3914 2092 3963 p.
2146 3899 2273 3959 162,
2327 3894 2619 3964 productus

317 3984 435 4036 Bal
577 3985 642 4037 13
681 3983 983 4037 lentissime
1028 3985 1173 4038 Gale
1210 3986 1350 4039 conl.
1392 4002 1432 4038 c.
1475 3989 1559 4048 221,
1609 3989 1641 4037 7
1685 3985 1850 4037 lentis
1889 3985 2126 4052 ignibuS,
2168 3991 2229 4037 at
2266 3985 2336 4051 ef.
2373 3983 2528 4038 Plin.
2568 3985 2621 4037 h.

318 4090 371 4125 n.
404 4077 500 4139 23,
537 4077 616 4125 64
730 4074 796 4125 14
836 4077 919 4127 est
949 4074 1049 4130 del.
1079 4074 1384 4127 Heumann
1497 4076 1561 4128 18
1603 4091 1719 4127 cum
1751 4075 1853 4127 del.
1887 4074 2103 4127 Tollius
2248 4073 2458 4127 inuidia
2486 4073 2619 4127 Bal.

320 4161 468 4214 uidia
511 4163 559 4216 C
685 4163 748 4215 19
788 4161 1154 4216 Christianum
1193 4163 1497 4215 Heumann
1658 4163 1784 4216 illos
1821 4164 1956 4228 Bal,
1993 4163 2087 4215 illo
2134 4162 2178 4215 Ο
2319 4162 2389 4215 20
2429 4162 2494 4215 dc
2535 4179 2622 4214 ex·

317 4251 634 4320 tinguendis
673 4252 806 4315 Bal,
848 4250 1265 4320 dextinguendis
1312 4251 1356 4305 Ο
1490 4253 1553 4306 21
1597 4269 1734 4322 pcgna
1777 4252 1833 4315 C,
1876 4268 2011 4304 corr.
2052 4252 2170 4304 Bal
2317 4251 2534 4305 obustos
2583 4250 2630 4302 C

320 4340 385 4393 23
423 4340 832 4409 intelligentem
871 4340 917 4393 G

2455 4445 2549 4497 13*
