3132 5043
545 458 679 524 2136
1361 456 1597 512 Index
1657 459 2058 512 uerborum

621 651 853 703 inuisam
885 650 1306 705 dominationem
1337 652 1390 705 11
1421 653 1474 705 M
1510 653 1628 715 176,
1651 655 1697 706 5.
1726 684 1733 697 ·
1828 652 2000 705 multo
2044 652 2198 721 peius
2238 647 2470 723 augetur
2508 652 2656 707 11.M
2691 652 2804 717 211,
2836 659 2874 709 5.

621 758 729 796 non
767 741 859 793 ille
891 741 1099 803 Furius,
1135 741 1227 794 sed
1267 741 1501 794 furiosus
1540 738 1646 793 fuit
1674 741 1700 793 Ι
1827 741 1996 794 stulte
2035 743 2250 810 ineptus
2288 743 2314 795 I
2354 743 2440 803 67,
2482 744 2568 798 23.

618 830 709 889 87,
741 830 821 883 14.
862 837 947 882 est
983 830 1196 882 homine
1236 829 1452 897 dignius
1492 829 1700 882 caelum
1755 828 1986 898 figurare
2026 854 2092 876 =
2132 828 2325 894 facere,
2363 831 2567 900 fingere
2603 832 2632 885 I
2673 833 2783 894 140,
2809 833 2872 885 22.

621 935 783 988 quam
841 917 1054 971 caelata
1107 919 1305 971 intueri
1368 917 1394 970 I
1461 919 1582 979 557,
1650 919 1697 970 3.
1831 914 1971 981 147‚'
2005 920 2084 973 10.
2134 921 2256 984 284,
2310 923 2354 977 1.
2407 923 2528 986 597,
2568 922 2651 975 20.
2691 921 2872 981 11105.

620 1007 979 1061 Roma—cuni
1058 1010 1193 1080 ῥύμη
1271 1025 1385 1061 esse
1461 1009 1702 1077 coeperit
1831 1006 1912 1061 12.
1955 1005 2020 1061 de
2061 1033 2128 1053 =
2168 1027 2227 1063 ex
2264 1010 2290 1062 I
2339 1012 2460 1074 692,
2510 1011 2595 1064 26.
2645 1010 2764 1073 713,
2808 1012 2871 1062 24.

618 1096 648 1148 Ι
699 1097 819 1155 664,
868 1096 953 1148 20.
1004 1113 1122 1153 cum
1171 1096 1409 1150 delubris
1457 1113 1518 1149 ac
1557 1096 1698 1150 ludi·
1827 1099 2044 1149 sanctus
2085 1098 2317 1166 populus
2356 1098 2423 1151 ad
2461 1092 2731 1151 iustitiam
2763 1100 2870 1166 figu-

620 1184 752 1237 briis
800 1184 911 1237 suis
957 1186 985 1238 Ι
1031 1186 1154 1247 463,
1204 1188 1252 1238 5.
1306 1202 1406 1254 ego
1454 1182 1596 1238 malo
1644 1186 1698 1238 in
1826 1187 1977 1236 ratur
2015 1184 2038 1237 1
2078 1186 2198 1245 630,
2248 1187 2321 1241 12.
2364 1186 2499 1240 alios
2528 1187 2749 1256 spiritus
2774 1203 2870 1238 suos

618 1272 761 1325 bono
801 1274 936 1327 mori
975 1289 1134 1342 quam
1170 1274 1226 1326 in
1264 1274 1405 1327 malo
1452 1274 1637 1326 uiuere
1673 1275 1699 1327 I
1826 1272 1882 1324 in
1936 1274 2157 1343 angelos
2205 1274 2466 1343 figurauit
2501 1275 2680 1344 (deus)
2720 1276 2747 1329 1
2778 1276 2870 1339 297,

621 1362 742 1425 727,
782 1364 866 1416 23.
916 1363 1054 1416 fiunt
1091 1380 1186 1432 per
1222 1364 1511 1433 imaginem
1562 1379 1699 1432 quae
1831 1362 1912 1415 10.
1962 1361 2226 1415 Pauorem
2281 1360 2657 1430 Palloremque
2717 1363 2870 1416 Tullus

616 1451 874 1520 pudenda
912 1457 1052 1516 sunt,
1093 1456 1154 1504 ut
1190 1451 1325 1505 fiant
1352 1453 1466 1504 sine
1498 1452 1699 1521 pudore
1826 1450 2086 1517 figurauit
2144 1450 2173 1503 I
2237 1451 2321 1513 73,
2388 1453 2473 1505 22.
2541 1476 2608 1497 =
2668 1453 2871 1520 imagine

622 1558 760 1612 quae
800 1558 927 1594 uera
966 1544 1094 1593 sunt
1130 1540 1156 1593 Ι
1196 1542 1315 1601 742,
1359 1541 1440 1595 18.
1483 1543 1574 1608 qui
1611 1558 1697 1594 ce·
1826 1537 2120 1606 exprimere
2158 1537 2187 1591 Ι
2224 1539 2308 1603 72,
2352 1540 2434 1593 12.
2474 1557 2594 1593 cum
2628 1541 2684 1594 in
2713 1545 2759 1594 et
2784 1540 2870 1593 abl.

620 1630 815 1684 cidisse
882 1631 1027 1683 solus
1093 1630 1358 1682 uniuersis
1423 1630 1698 1683 stantibus
1828 1627 2025 1690 (tutela
2061 1629 2217 1681 nauis
2254 1628 2310 1681 in
2350 1627 2536 1698 aquila
2573 1631 2809 1699 figurata)
2850 1628 2871 1681 I

618 1718 922 1782 uidebatur,
969 1719 1016 1771 is
1066 1719 1328 1773 uniuersis
1382 1718 1698 1772 cadentibus
1826 1717 1910 1774 39,
1964 1717 2048 1770 21.
2096 1720 2189 1780 65,
2247 1719 2329 1771 11.
2377 1720 2502 1782 421,
2555 1721 2605 1774 9.
2659 1721 2772 1779 684,
2820 1719 2868 1772 12

595 1805 780 1862 'stetit
827 1809 973 1861 solus
1020 1809 1047 1862 1
1101 1808 1216 1870 113,
1264 1809 1348 1861 23.
1400 1809 1490 1877 qui
1537 1808 1697 1862 urbes
1825 1806 2024 1875 (coni).
2065 1807 2187 1869 686,
2229 1808 2309 1862 16.
2361 1832 2427 1851 =
2476 1807 2758 1861 transferre
2797 1806 2869 1876 (cf.

621 1900 717 1949 aut
755 1914 922 1950 nouas
972 1898 1310 1951 constituant
1355 1901 1448 1950 aut
1495 1898 1695 1950 consti·
1825 1893 2017 1961 figura)
2060 1894 2086 1947 Ι
2123 1896 2209 1957 36,
2251 1894 2336 1948 20.
2375 1896 2464 1962 43,
2503 1897 2554 1948 4.
2592 1897 2713 1955 415,
2754 1898 2791 1948 1.

620 1988 769 2038 tutas
835 1986 1110 2053 aequitate
1175 1989 1432 2039 tueantur
1490 1986 1517 2039 Ι
1573 1988 1693 2043 224,
1752 1982 2007 2049 figuratio
2040 1987 2129 2049 (=
2154 1982 2319 2045 fictio,
2352 1985 2575 2048 creatio)
2610 1982 2870 2036 hominisI

620 2074 704 2127 21.
797 2075 865 2141 cf.
947 2074 1289 2129 allitteratiO.
1377 2076 1693 2144 yeminatio.
1824 2070 2636 2141 630,6.=translatio:obliqua
2650 2071 2869 2141 figuratio

616 2164 1078 2218 homoeteleutum.
1827 2165 2163 2228 (poetarum)
2195 2161 2221 2213 I
2240 2162 2326 2226 41,
2355 2162 2435 2215 12.
2459 2162 2614 2229 plur.
2643 2160 2670 2214 1
2699 2162 2775 2223 40,
2806 2161 2869 2213 17.

533 2252 730 2321 figura
769 2254 1153 2322 etymoloyica:
1188 2254 1547 2307 substantium
1577 2271 1696 2307 cum
1752 2249 1926 2302 filius:
1960 2249 2060 2302 filii
2099 2275 2164 2294 =
2204 2249 2363 2303 liberi
2401 2250 2427 2302 I
2476 2251 2597 2313 366,
2646 2251 2727 2303 11.
2771 2249 2869 2311 390,

615 2342 799 2396 uerbis
836 2345 1129 2411 copulata.-
1176 2343 1245 2409 cf.
1288 2360 1463 2397 accus.
1503 2344 1697 2396 obiecti
1827 2338 1850 2389 1
1905 2339 1995 2405 (cf.
2047 2339 2167 2402 389,
2219 2340 2248 2391 7
2298 2338 2499 2404 liberi).
2549 2340 2597 2391 9.
2649 2340 2728 2391 12.
2771 2339 2868 2391 391.

616 2432 838 2485 interni.
915 2431 1281 2486 dominatores
1352 2432 1699 2488 dominantur
1823 2426 1871 2479 8·
1913 2428 2034 2491 422,
2074 2429 2125 2482 4.
2164 2428 2218 2479 II
2256 2429 2343 2489 44,
2389 2428 2453 2480 17
2494 2426 2580 2493 (cf.
2625 2428 2728 2493 19).

618 2517 672 2572 ΙΙ
711 2519 767 2572 M
809 2519 925 2582 190,
966 2524 1013 2574 5.
1068 2520 1270 2574 iustum
1306 2523 1548 2590 prauitas
1599 2523 1694 2573 ho-
1751 2506 1897 2568 filum
1947 2515 2003 2568 11
2047 2516 2132 2570 Ph
2183 2517 2302 2578 143,
2357 2517 2475 2570 107.
2524 2515 2616 2569 fila
2660 2516 2796 2585 lyrae
2826 2514 2869 2567 II

615 2609 817 2662 minum
881 2609 1173 2680 deprauare
1238 2629 1345 2663 non
1410 2612 1615 2679 poterit
1669 2612 1695 2664 I
1822 2605 1901 2658 I'h
1947 2607 2064 2666 138,
2104 2606 2188 2660 50.

618 2699 740 2759 549,
790 2699 838 2751 8.
887 2699 1110 2752 flumina
1156 2701 1484 2769 sempiterno
1536 2701 1693 2769 lapsu
1751 2693 1930 2746 fimum
1972 2694 2225 2764 (nomin.)
2266 2694 2322 2748 II
2367 2695 2465 2760 42,
2509 2695 2589 2747 19.
2646 2708 2808 2746 acem-
2851 2692 2869 2743 Ῑ

618 2786 783 2839 fluere
837 2788 863 2840 Ι
920 2788 1037 2846 114,
1081 2789 1160 2841 13.
1213 2789 1258 2841 si
1308 2789 1450 2856 quod
1498 2789 1695 2857 reliqui
1821 2781 1847 2833 Ῑ
1887 2782 1972 2844 32,
2015 2783 2062 2835 6.

617 2876 781 2944 (qen.)
820 2875 906 2927 uel
946 2876 1165 2929 Diocles
1204 2876 1294 2929 uel
1339 2878 1693 2931 Maximianus
1749 2870 1952 2939 fingere
2005 2896 2071 2915 =
2120 2870 2296 2924 facere
2345 2872 2371 2924 I
2424 2873 2507 2936 14,
2555 2874 2638 2925 24.
2688 2874 2793 2930 155,
2828 2872 2866 2922 7-

619 2963 948 3030 reliquerant
982 2964 1038 3016 II
1076 2964 1132 3016 M
1169 2965 1291 3028 216,
1330 2966 1378 3018 5.
1424 2966 1693 3019 occisione
1826 2962 1904 3013 13·
1958 2962 2080 3022 479,
2137 2961 2218 3015 ll.
2271 2960 2325 3012 ΙῙ
2378 2961 2465 3025 38,
2518 2965 2568 3015 5.
2623 2961 2694 3014 al.
2747 2977 2800 3013 ex
2846 2958 2869 3010 I

615 3051 796 3104 delere
845 3050 872 3104 Ι
917 3053 1039 3115 418,
1089 3057 1136 3108 5.
1188 3054 1386 3106 maiore
1441 3053 1695 3107 decident
1823 3052 1939 3114 147,
1985 3052 2063 3104 11.
2104 3052 2226 3113 618,
2270 3052 2350 3104 19.
2392 3050 2459 3105 de
2488 3052 2514 3104 Ι
2549 3052 2664 3118 103,
2691 3053 2737 3104 5.
2764 3051 2865 3112 699,

615 3141 771 3209 lapsu
821 3142 849 3194 Ι
899 3142 1019 3205 633,
1067 3144 1115 3195 6.
1166 3142 1283 3195 sim.
1324 3142 1480 3194 ruina
1529 3142 1587 3194 ΙΙ
1637 3142 1694 3194 M
1822 3141 1868 3194 6.
1908 3140 1963 3193 11
2006 3141 2123 3203 121,
2163 3144 2210 3191 4.
2262 3143 2324 3193 ut
2372 3158 2403 3194 a
2448 3142 2675 3193 serarum
2714 3138 2865 3192 caedi-

622 3231 740 3292 172,
798 3232 877 3285 12.
903 3230 1106 3283 uerbis
1155 3231 1436 3285 uerberare
1477 3233 1546 3299 cs.
1590 3233 1690 3286 ‘al-
1820 3229 1920 3281 bus
1970 3230 2098 3282 deos
2148 3229 2252 3281 sibi
2298 3229 2569 3298 fingerent
2612 3229 2638 3281 I
2682 3227 2758 3283 68.
2798 3229 2863 3279 19.

618 3320 921 3375 litteratio'.
961 3350 1025 3358 -
1086 3321 1195 3375 duo
1263 3322 1493 3374 nomina
1563 3338 1689 3374 con·
1821 3349 1884 3357 —
1935 3335 2111 3371 mores
2158 3318 2384 3371 aliorum
2434 3319 2460 3371 Ι
2513 3320 2632 3379 369,
2682 3319 2760 3371 23.
2805 3332 2862 3368 sc.

610 3411 833 3463 iuncta:
874 3404 1062 3462 deniae
1092 3410 1213 3462 uiae
1243 3410 1269 3462 Ι
1298 3411 1418 3470 395.
1451 3411 1500 3463 3.
1541 3408 1689 3463 deui·
1819 3407 2149 3475 coyitatione
2186 3409 2453 3475 fingamus
2492 3423 2533 3460 c.
2576 3423 2678 3460 acc.
2715 3421 2752 3459 c.
2776 3405 2863 3471 inf.

615 3516 702 3552 um
743 3501 850 3552 iter
885 3498 912 3552 1
949 3500 1072 3562 271,
1116 3500 1196 3551 14.
1246 3499 1367 3562 400,
1420 3500 1464 3552 1.
1517 3500 1691 3568 pietas
1817 3494 1844 3546 1
1883 3496 2004 3558 371,
2051 3497 2128 3547 19.
2169 3494 2225 3547 ΙΙ
2265 3490 2383 3558 113,
2426 3496 2509 3549 16.
2554 3526 2614 3534 -
2650 3493 2785 3565 picta
2819 3499 2863 3545 et

613 3592 724 3640 tam
768 3589 934 3657 impia
971 3588 997 3640 I
1035 3589 1157 3651 469,
1197 3589 1246 3643 6.
1288 3587 1522 3640 discordi
1562 3605 1688 3640 con·
1817 3583 1945 3636 ficta
1985 3584 2008 3635 l
2047 3583 2167 3644 557,
2208 3585 2257 3636 6.

613 3676 795 3729 cordia
832 3677 858 3729 I
903 3678 1017 3739 145,
1064 3677 1107 3729 1.
1160 3693 1304 3729 noua
1353 3693 1457 3729 non
1513 3676 1689 3744 philo·
1745 3671 1869 3724 finis
1933 3677 2250 3725 constanter
2309 3673 2538 3725 mascul.
2604 3703 2665 3710 —
2727 3671 2860 3723 finem

612 3765 878 3833 sophandi
943 3765 1287 3834 philosophia
1338 3765 1364 3817 I
1424 3765 1541 3827 185,
1607 3765 1687 3816 16,
1816 3759 1992 3813 facere
2031 3760 2168 3814 libro
2207 3759 2233 3811 Ι
2271 3760 2355 3823 94,
2395 3763 2445 3815 6.
2486 3762 2607 3814 finis
2629 3760 2882 3813 bonorum.

611 3854 796 3906 unctio
859 3854 994 3907 sacri
1057 3855 1321 3922 unguenti
1376 3854 1402 3906 I
1459 3854 1580 3915 294,
1639 3855 1687 3907 6.
1816 3849 1842 3901 Ι
1879 3851 2000 3909 499,
2044 3851 2124 3902 11.
2164 3849 2298 3902 fines
2338 3849 2596 3902 bonorum
2631 3865 2688 3901 ac
2714 3849 2859 3901 malo-

610 3941 798 3995 diuina
835 3959 986 3995 mens
1025 3942 1111 3994 dei
1149 3943 1204 3995 ΙΙ
1241 3944 1326 4004 53,
1362 3942 1440 3995 11.
1475 3942 1688 3994 diuinae
1815 3955 1928 3990 rum
1971 3938 2023 3990 11
2066 3939 2183 4000 116,
2224 3939 2310 3992 20.

610 4030 700 4083 dei
754 4048 912 4084 uoces
962 4031 989 4083 Ι
1036 4031 1155 4094 378,
1206 4032 1254 4084 8.
1295 4031 1457 4083 utiles
1499 4048 1637 4083 usus
1663 4030 1689 4082 I
1743 4027 1918 4080 finitio
1958 4052 2025 4073 =
2066 4027 2309 4081 definitio
2347 4027 2401 4079 II
2444 4028 2560 4089 112,
2602 4026 2676 4079 17.

613 4120 731 4182 594,
775 4122 821 4173 7.
863 4121 931 4187 cf.
973 4121 1156 4173 ‘etiam
1188 4120 1472 4189 ymetiuus
1513 4120 1687 4186 expli·
1744 4116 1954 4170 firmare
1992 4117 2157 4170 uerba
2192 4115 2353 4169 factis
2393 4116 2419 4168 I
2449 4117 2568 4178 371,
2595 4115 2640 4169 8.
2677 4114 2859 4167 incerta

610 4209 864 4262 catinus'.
897 4240 959 4247 —
983 4226 1087 4276 per
1109 4209 1521 4278 yradationem:
1546 4208 1685 4262 infe·
1817 4207 1882 4260 de
1924 4206 2082 4259 certis
2119 4206 2187 4258 Π»
2215 4206 2298 4268 77,
2341 4206 2390 4257 6.

614 4297 780 4349 riores
832 4297 1030 4350 infimis
1083 4297 1110 4349 Ι
1160 4299 1281 4360 449,
1335 4299 1384 4351 3.
1437 4298 1687 4350 omnibus
1741 4296 1967 4349 firmitas
2009 4320 2073 4340 =
2114 4295 2273 4347 robur
2312 4293 2368 4346 ΙΙ
2410 4295 2492 4358 12,
2538 4294 2613 4346 11.
2664 4292 2741 4346 13.
2788 4292 2856 4342 15.

613 4386 768 4438 mans
807 4386 958 4454 peior
993 4385 1047 4437 11
1084 4385 1140 4438 Μ
1182 4385 1299 4446 182,
1355 4386 1433 4439 18.
1485 4348 1720 4454 malum}
1817 4386 1897 4448 13,
1943 4385 2022 4441 15.
2068 4385 2147 4447 17,
2189 4385 2274 4437 22.
2315 4384 2402 4448 20,
2445 4384 2525 4436 12.
