3132 5043
465 482 593 545 288

530 671 580 725 8.
610 671 732 733 411,
766 673 848 726 16.
885 672 1006 731 675,
1037 674 1086 725 4.
1128 690 1286 726 causa
1326 674 1441 726 eius
1481 690 1605 725 con-

530 760 639 815 silii
694 759 721 811 I
765 761 888 824 403,
941 762 1022 815 14.
1070 761 1191 823 411,
1241 762 1289 814 8.
1346 763 1468 824 412,
1519 763 1603 814 21.

456 898 459 905 .
532 866 636 917 qua
680 849 878 903 fiducia
922 850 1024 903 hoc
1072 867 1206 919 opus
1246 850 1543 918 susceperit
1581 849 1606 900 I

534 938 651 1001 177,
691 939 775 994 23.
814 941 938 997 479,
976 942 1026 991 4.
1065 939 1121 992 II
1161 941 1246 993 63.
1288 939 1372 992 21.
1422 938 1487 991 de
1528 937 1605 990 ef-

529 1027 676 1080 fectu
733 1027 847 1081 eius
893 1028 920 1080 I
969 1028 1091 1090 398,
1141 1029 1189 1081 3.
1240 1030 1361 1088 675,
1410 1029 1459 1081 5.
1516 1043 1610 1079 cur

528 1117 758 1169 Diuinas
796 1117 1177 1170 Institutiones
1215 1115 1552 1185 inscripserit
1581 1116 1606 1167 I

528 1207 579 1269 4,
620 1208 667 1259 6.
708 1209 916 1274 septem
955 1222 1136 1258 earum
1175 1205 1453 1259 uolumina
1487 1204 1515 1257 Ι
1555 1206 1606 1266 5,

532 1293 579 1345 7.
609 1294 841 1347 maxima
867 1293 895 1346 I
924 1296 1044 1356 675,
1072 1296 1152 1347 10.
1184 1295 1451 1364 propositi
1481 1310 1607 1362 ope-

529 1382 604 1434 ris
642 1386 852 1453 septem
886 1384 1064 1453 spatia
1092 1383 1120 1436 I
1150 1386 1270 1445 667,
1306 1385 1385 1438 16.
1425 1384 1480 1436 111
1509 1400 1607 1435 no·

532 1472 658 1524 stris
695 1471 1142 1527 Institutionibus
1180 1474 1237 1527 II
1277 1474 1361 1535 94,
1402 1474 1485 1526 20.
1540 1473 1605 1523 ad

1518 478 1755 532 Index

1733 673 1950 743 scriptis
2008 673 2120 727 eius
2175 672 2232 725 11
2288 672 2405 736 158,
2453 673 2538 725 22.
2590 672 2705 734 161,
2757 673 2806 724 6.

1737 763 1857 825 162,
1906 763 1991 816 22.
2045 762 2162 826 163,
2213 763 2260 813 6.
2311 761 2397 816 20.
2445 762 2531 815 26.
2592 761 2706 824 164,
2757 763 2806 813 5.

1735 853 1854 915 165,
1897 852 1980 904 11.
2026 851 2142 914 167,
2186 852 2266 904 10.
2311 851 2391 903 16.
2441 849 2497 902 II
2535 851 2621 913 27,
2663 850 2727 901 10
2768 865 2808 900 s.

1735 940 1858 997 adn.
1896 943 1984 1002 46,
2027 941 2092 992 13
2132 938 2252 994 adn.
2280 941 2365 999 57,
2397 939 2430 992 8
2470 937 2593 991 adn.
2624 940 2708 999 59,
2744 938 2810 990 10

1734 1047 1805 1083 ss.
1854 1029 1978 1083 adn.
2029 1029 2132 1082 135
2181 1028 2301 1083 adn.
2357 1027 2548 1081 laudes
2596 1027 2708 1079 eius
2755 1025 2812 1078 II

1737 1120 1855 1182 157,
1899 1119 1982 1173 12.
2027 1118 2146 1179 158,
2186 1119 2270 1171 20.
2314 1118 2433 1181 161,
2474 1117 2523 1170 9.
2567 1116 2684 1177 162,
2728 1115 2810 1167 10.

1739 1209 1821 1261 19.
1870 1209 1955 1261 25.
2009 1208 2126 1267 163,
2167 1208 2252 1260 20.
2311 1207 2427 1269 164,
2467 1206 2516 1258 9.
2568 1205 2686 1267 165,
2728 1205 2811 1256 15.

1739 1298 1858 1358 166,
1903 1299 1984 1349 15.
2025 1297 2110 1349 27.
2141 1296 2226 1349 30.
2265 1297 2608 1363 uituperatur
2634 1292 2661 1344 I
2691 1294 2811 1353 659,

1741 1387 1805 1440 10
1845 1385 1966 1438 adn.
2006 1385 2062 1439 II
2101 1386 2184 1445 59,
2229 1385 2294 1438 10
2334 1383 2454 1436 adn.
2500 1383 2616 1447 157,
2648 1382 2696 1434 9.
2729 1382 2811 1433 13.

1739 1476 1859 1539 163,
1897 1477 1946 1529 2.
1987 1475 2071 1528 26.
2117 1475 2232 1536 164,
2272 1474 2320 1525 9.
2745 1474 2749 1479 ’

531 1560 678 1628 ipsos
713 1560 883 1614 libros
920 1562 947 1614 I
985 1563 1105 1625 680,
1150 1564 1228 1618 17.
1286 1564 1343 1615 111
1390 1562 1543 1615 libris
1583 1561 1607 1613 1

535 1649 655 1711 713,
696 1650 778 1702 12.
818 1650 990 1718 prima
1026 1652 1159 1705 haec
1195 1653 1472 1705 institutio
1510 1669 1608 1704 no-

535 1740 647 1789 stra.
685 1738 748 1804 (i.
787 1756 828 1791 e.
872 1739 963 1795 lib.
1003 1741 1063 1808 I)
1101 1741 1129 1794 Ι
1167 1742 1256 1802 94,
1298 1742 1379 1794 11.
1428 1742 1484 1793 111
1525 1758 1608 1794 se-

458 1872 461 1877 .
535 1826 708 1879 cundo
793 1828 1113 1882 Diuinarum
1196 1830 1609 1884 Institutionum

533 1915 671 1977 libro
700 1914 759 1968 11
790 1917 874 1982 70,
899 1919 948 1972 4.
978 1917 1035 1969 in
1065 1922 1253 1987 quarto
1285 1936 1446 1988 supra.
1476 1919 1610 1972 dicti
1736 1936 1805 1972 ss,
1838 1920 1869 1971 9
1899 1936 1969 1971 ss.
2010 1918 2147 1971 caeli
2175 1918 2314 1970 ratio
2345 1918 2402 1969 in
2432 1917 2610 1970 animo
2636 1915 2664 1967 I
2688 1915 2814 1974 481,

536 2003 715 2071 operis
769 2004 909 2058 libro
966 2007 1022 2059 II
1072 2008 1156 2067 70,
1206 2009 1289 2061 14.
1346 2009 1397 2060 111
1458 2012 1609 2061 sexto
1740 2010 1769 2061 7
1811 2025 1879 2060 ss.
1933 2007 2141 2060 caelum
2179 2007 2455 2059 ueneficiis
2493 2005 2751 2075 adpetere
2790 2004 2817 2056 I

533 2091 672 2144 libro
691 2092 1110 2149 Institutionum
1130 2096 1186 2148 II
1211 2099 1429 2155 112.15.
1454 2101 1608 2166 quat·
1737 2098 1859 2157 429,
1904 2098 1983 2151 19.
2025 2095 2090 2151 cf.
2132 2096 2326 2148 anima.

532 2183 659 2233 tuor
702 2184 1027 2250 posteriores
1074 2185 1200 2238 libri
1257 2186 1386 2254 quid
1439 2186 1609 2239 cont-i-
1669 2186 1863 2240 Caelus
1902 2186 1928 2237 Ι
1965 2186 2053 2247 46,
2087 2185 2314 2245 17—50,
2347 2186 2396 2237 6.
2438 2183 2545 2252 [52,
2577 2182 2686 2249 21.]
2731 2182 2814 2241 70,

458 2302 459 2305 =
533 2273 702 2323 neant
744 2270 774 2324 I
821 2272 941 2335 107,
990 2273 1072 2326 20.
1132 2290 1396 2327 summum
1451 2276 1612 2328 huius
1739 2278 1788 2328 5.
1829 2276 1950 2337 686,
1989 2275 2037 2327 8.

536 2360 713 2429 operis
744 2363 799 2414 et
826 2361 1118 2416 maximum
1144 2362 1172 2415 Ι
1200 2365 1325 2428 479,
1356 2366 1402 2417 7.
1443 2365 1611 2418 Insti-
1670 2362 2018 2417 caenofrurio
2067 2363 2158 2431 qui
2201 2362 2353 2415 locus
2410 2365 2494 2413 est
2541 2360 2819 2420 Thraciae,

534 2449 774 2501 tutiones
807 2466 928 2503 cum
957 2450 1201 2505 aedificio
1233 2460 1613 2524 comparantur
1740 2452 2060 2505 Aurelianus
2116 2453 2474 2519 interemptus
2532 2453 2616 2502 est
2660 2448 2716 2501 II
2764 2447 2818 2499 M

534 2537 562 2589 I
609 2538 728 2602 581,
779 2541 812 2594 3
861 2556 930 2593 ss,
987 2542 1398 2597 Institutionum
1445 2545 1611 2598 libros
1744 2544 1861 2606 179,
1904 2543 1985 2595 19.

538 2642 640 2694 quo
681 2632 924 2697 tempore
950 2630 1241 2699 Epitomen
1273 2650 1453 2687 earum
1483 2635 1612 2687 scri·
1641 2649 1644 2716 ἑ
1672 2631 1869 2685 Caesar
1908 2630 1972 2684 cf.
2012 2632 2305 2699 Augustus.
2345 2629 2534 2682 Iulius,
2578 2659 2640 2667 -
2683 2626 2819 2680 Cae-

1668 1564 1898 1617 caelum:
1941 1563 2054 1616 eius
2092 1561 2265 1614 forma
2291 1561 2318 1613 I
2344 1561 2464 1621 255,
2501 1562 2582 1614 15.
2620 1562 2816 1613 natura

1736 1653 1762 1705 I
1804 1653 1922 1716 181,
1962 1652 2045 1707 23.
2085 1650 2316 1703 materia
2352 1649 2407 1702 ΙΙ
2436 1652 2521 1713 56,
2556 1650 2636 1703 13.
2680 1648 2816 1701 caeli

1739 1741 1949 1810 effigies
1987 1741 2044 1793 in
2082 1740 2298 1792 homine
2338 1739 2365 1791 I
2396 1740 2515 1801 155,
2551 1738 2813 1797 16-157,

1738 1833 1785 1885 5.
1825 1835 2089 1897 quattuor
2125 1829 2241 1881 eius
2276 1827 2522 1896 reqiones
2558 1828 2586 1880 I
2626 1827 2748 1885 143,
2787 1827 2811 1878 1

535 2716 718 2780 bebat‚
756 2717 865 2770 iam
903 2719 1111 2787 pridem
1150 2723 1543 2790 conscripserat
1588 2723 1613 2774 Ι

537 2807 658 2866 675,
689 2807 739 2860 4.
780 2807 1067 2876 Epitomen
1095 2809 1511 2864 Institutionum
1545 2813 1613 2864 ad

540 2894 863 2948 Pentadium
917 2896 1138 2950 fratrem
1199 2916 1290 2951 cur
1340 2900 1616 2969 scripserit

462 3013 467 3018 ·
539 2984 760 3051 eiusque
808 2987 1046 3054 suscepti
1096 2987 1387 3042 difficultas
1428 2990 1453 3041 I
1491 2992 1613 3053 675,

541 3073 569 3124 7
611 3089 680 3126 ss.
735 3074 931 3127 librum
978 3075 1060 3127 De
1097 3075 1179 3129 ira
1218 3076 1304 3129 dei
1343 3079 1618 3146 promittit

540 3160 567 3212 I
618 3161 735 3225 172,
789 3163 869 3216 19.
928 3180 1032 3231 quo
1090 3165 1312 3217 consilio
1372 3182 1491 3219 eum
1549 3169 1617 3220 ad

538 3249 816 3303 Donatum
872 3253 1148 3321 scripserit
1201 3254 1259 3308 H
1314 3255 1398 3318 67,
1456 3256 1490 3307 4
1546 3274 1615 3316 ss

542 3339 662 3405 123,
693 3341 741 3393 5.
774 3356 830 3392 se
862 3344 1049 3394 contra
1079 3359 1261 3396 omnes
1288 3348 1462 3397 sectas
1493 3362 1615 3413 pro-

538 3428 656 3497 prio
714 3445 873 3497 opere
928 3434 1289 3498 pugnaturum
1347 3434 1619 3500 promittit

541 3518 570 3571 Ι
608 3519 729 3580 396,
769 3519 858 3571 20.
892 3518 948 3571 ΙΙ
988 3520 1072 3581 70,
1117 3521 1198 3575 15.
1250 3521 1383 3573 116111
1430 3527 1618 3575 contra

540 3606 771 3660 Iudaeos
801 3607 827 3660 Ι
858 3608 980 3673 585,
1011 3610 1096 3664 25.
1133 3609 1436 3663 Firmianus
1474 3627 1617 3663 corn·

540 3698 816 3748 mentator
851 3695 1082 3764 Vergilii
1120 3697 1175 3749 II
1209 3698 1325 3760 158,
1362 3700 1441 3750 15.
1481 3699 1620 3752 liber

539 3784 625 3836 De
679 3785 944 3837 mortibus
1000 3791 1405 3854 persecutorum
1451 3789 1618 3856 uulyo

542 3873 591 3924 ei
628 3874 896 3927 tributus:
942 3875 1007 3927 cf.
1051 3873 1333 3928 Caecilius.
1371 3877 1618 3929 Donatus

543 3961 828 4015 confessor.
880 3994 944 4001 ——
1001 3964 1316 4017 testimonia
1381 3965 1446 4018 de
1503 3967 1620 4018 uita

1741 2737 1886 2774 sares
1925 2721 2223 2773 consecrati
2260 2720 2287 2772 I
2316 2720 2402 2780 56,
2434 2720 2480 2772 9.
2517 2749 2578 2755 -
2621 2715 2822 2770 Caesar

1743 2815 1923 2863 aetate
1967 2808 2314 2862 Diocletiani
2363 2813 2413 2860 et
2465 2804 2823 2859 Constantini

1743 2900 1807 2952 cf.
1851 2897 2231 2952 CandidianuS.
2269 2896 2527 2949 Licinius,
2571 2893 2818 2945 Maximi-

1744 3005 1874 3041 anus
1915 2987 2226 3052 (Galerius).
2264 2984 2602 3036 Maximinus.
2653 2981 2814 3034 Seue·

1743 3094 1851 3131 ruS.
1890 3107 1955 3114 -
1996 3079 2059 3128 ut
2108 3074 2211 3126 duo
2265 3074 2376 3125 sint
2412 3073 2469 3124 in
2509 3088 2565 3124 re
2601 3070 2823 3139 publica

1742 3167 1973 3219 minores
2013 3165 2104 3232 qui
2142 3165 2251 3216 sint
2299 3161 2609 3214 adiumento
2646 3159 2820 3226 maio-

1743 3256 1891 3308 ribus
1929 3253 1984 3306 II
2022 3253 2078 3305 M
2119 3254 2237 3313 193,
2277 3253 2326 3304 2.
2378 3248 2619 3303 Caesaris
2659 3245 2821 3311 (Cac-

1745 3347 1943 3409 sarum)
1991 3357 2201 3402 nomen,
2249 3337 2380 3393 ibid.
2432 3336 2550 3396 183,
2593 3334 2823 3388 18-20.

1745 3432 1866 3494 210,
1909 3432 1954 3483 1.
2011 3427 2300 3482 secundum
2341 3429 2434 3494 (sc.
2475 3428 2598 3494 post
2632 3422 2822 3490 Augu—

1746 3522 1880 3587 stos)
1916 3518 2202 3573 Caesarum
2232 3531 2443 3574 nornen,
2472 3512 2602 3565 ibid.
2626 3512 2749 3572 196,
2774 3512 2821 3562 9.

1744 3609 2022 3664 Maximini
2060 3612 2115 3660 et
2145 3605 2330 3659 Seueri
2358 3603 2645 3658 Caesarum
2677 3598 2823 3652 elec-

1745 3701 1823 3753 tio
1883 3703 1938 3751 et
1992 3695 2339 3764 nuncupatiO,
2399 3690 2532 3745 ibid.
2592 3690 2712 3754 193,
2774 3689 2821 3740 2.

1751 3788 2012 3850 12-195,
2047 3787 2128 3838 11.
2159 3785 2280 3844 201,
2315 3782 2395 3835 14.
2427 3784 2536 3833 tres
2566 3778 2825 3833 Caesares

1745 3878 1920 3930 facere
1951 3891 2057 3928 non
2076 3875 2292 3942 poterat
2313 3867 2688 3935 (Maximianus
2713 3864 2822 3919 Ga·

1744 3967 1948 4030 lerius),
1988 3963 2118 4016 ibid.
2160 3963 2281 4024 202,
2321 3963 2371 4013 9.
2421 3958 2485 4011 cf.
2525 3955 2822 4024 Augustus.

545 4051 660 4104 eius
706 4052 761 4104 ΙΙ
811 4053 928 4116 158,
978 4054 1063 4106 20.
1116 4054 1233 4116 161,
1277 4056 1320 4107 1.
1374 4056 1492 4117 162,
1535 4056 1616 4109 10.
1681 4056 1826 4108 Cain
1863 4054 1888 4106 I
1928 4054 2048 4116 695,
2088 4055 2137 4105 5.

546 4139 629 4194 18.
674 4141 791 4203 165,
831 4143 915 4194 22.
960 4144 1078 4207 166,
1111 4145 1159 4196 2.
1198 4143 1513 4196 testimonia
1553 4143 1618 4196 de
1680 4143 1921 4212 [calculis
1958 4141 2143 4195 ludere
2180 4140 2208 4193 Ι
2246 4139 2350 4192 602
2390 4135 2511 4189 adn.
2550 4140 2578 4199 ἓ
2614 4136 2687 4202 4.]

545 4230 660 4281 eius
700 4230 894 4282 studiis
933 4231 1285 4300 doctrinaque
1331 4232 1387 4284 II
1425 4233 1510 4294 59,
1555 4233 1619 4285 10
1677 4232 1924 4301 Callipho
1979 4230 2044 4282 de
2091 4245 2298 4281 summo
2345 4227 2487 4280 bono
2534 4224 2561 4276 I
2611 4223 2729 4283 191,
2776 4224 2823 4274 7.

545 4318 667 4372 adn.
720 4320 836 4380 163,
890 4320 970 4373 17.
1027 4321 1142 4382 164,
1184 4321 1234 4373 8.
1277 4321 1355 4374 18.
1410 4322 1527 4384 165,
1566 4321 1617 4373 2.

1750 4322 1866 4384 194,
1910 4322 1992 4373 19.
2034 4319 2154 4379 702,
2198 4317 2279 4374 19.

546 4406 596 4462 7.
646 4410 726 4462 11.
779 4410 862 4462 15.
912 4410 995 4461 27.
1045 4409 1129 4463 30.
1187 4410 1500 4463 testimonia
1553 4409 1618 4462 de
1677 4409 1868 4462 caloris
1916 4410 1999 4460 uis
2049 4410 2102 4460 et
2150 4406 2477 4475 significatio
2526 4405 2554 4458 I
2596 4405 2712 4465 143,
2753 4404 2824 4456 20
