<?xml version="1.0" encoding="UTF-8"?>
<!DOCTYPE html PUBLIC "-//W3C//DTD XHTML 1.0 Transitional//EN"
    "http://www.w3.org/TR/xhtml1/DTD/xhtml1-transitional.dtd">
<html xmlns="http://www.w3.org/1999/xhtml" xml:lang="en" lang="en">
 <head>
  <title>
</title>
<meta http-equiv="Content-Type" content="text/html;charset=utf-8" />
  <meta name='ocr-system' content='tesseract 3.04.00' />
  <meta name='ocr-capabilities' content='ocr_page ocr_carea ocr_par ocr_line ocrx_word'/>
</head>
<body>
  <div class='ocr_page' id='page_1' title='image "./corpusscriptoru30wissgoog_0084.png"; bbox 0 0 3132 5043; ppageno 0'>
   <div class='ocr_carea' id='block_1_1' title="bbox 526 423 2272 491">
    <p class='ocr_par' dir='ltr' id='par_1_1' title="bbox 526 423 2272 491">
     <span class='ocr_line' id='line_1_1' title="bbox 526 423 2272 491; baseline -0.003 -11"><span class='ocrx_word' id='word_1_1' title='bbox 526 426 653 488; x_wconf 82' lang='grc'>212</span> <span class='ocrx_word' id='word_1_2' title='bbox 1069 423 1167 475; x_wconf 93' lang='lat' dir='ltr'>De</span> <span class='ocrx_word' id='word_1_3' title='bbox 1223 423 1617 475; x_wconf 84' lang='lat' dir='ltr'>mortibus</span> <span class='ocrx_word' id='word_1_4' title='bbox 1674 425 2272 491; x_wconf 80' lang='lat' dir='ltr'>persecutorum</span> 
     </span>
    </p>
   </div>
   <div class='ocr_carea' id='block_1_2' title="bbox 438 616 2813 1017">
    <p class='ocr_par' dir='ltr' id='par_1_2' title="bbox 438 616 2813 1017">
     <span class='ocr_line' id='line_1_2' title="bbox 438 616 2809 700; baseline 0.001 -20"><span class='ocrx_word' id='word_1_5' title='bbox 438 618 504 672; x_wconf 92' lang='lat'>10</span> <span class='ocrx_word' id='word_1_6' title='bbox 524 638 664 681; x_wconf 90' lang='lat' dir='ltr'>rum</span> <span class='ocrx_word' id='word_1_7' title='bbox 711 617 1021 700; x_wconf 76' lang='lat' dir='ltr'>pernicies</span> <span class='ocrx_word' id='word_1_8' title='bbox 1068 617 1337 681; x_wconf 86' lang='lat' dir='ltr'>fecunda</span> <span class='ocrx_word' id='word_1_9' title='bbox 1384 619 1817 700; x_wconf 84' lang='lat' dir='ltr'>generauerat.</span> <span class='ocrx_word' id='word_1_10' title='bbox 1918 617 2044 680; x_wconf 88' lang='lat' dir='ltr'>iam</span> <span class='ocrx_word' id='word_1_11' title='bbox 2094 616 2346 680; x_wconf 87' lang='lat' dir='ltr'>diuerso</span> <span class='ocrx_word' id='word_1_12' title='bbox 2393 616 2560 681; x_wconf 90' lang='lat' dir='ltr'>malo</span> <span class='ocrx_word' id='word_1_13' title='bbox 2607 621 2809 699; x_wconf 80' lang='lat' dir='ltr'>partes</span> 
     </span>
     <span class='ocr_line' id='line_1_3' title="bbox 525 723 2813 806; baseline 0 -18"><span class='ocrx_word' id='word_1_14' title='bbox 525 724 803 806; x_wconf 79' lang='lat' dir='ltr'>corporis</span> <span class='ocrx_word' id='word_1_15' title='bbox 854 724 1195 787; x_wconf 88' lang='lat' dir='ltr'>amiserant</span> <span class='ocrx_word' id='word_1_16' title='bbox 1241 724 1539 805; x_wconf 90' lang='lat' dir='ltr'>speciem.</span> <span class='ocrx_word' id='word_1_17' title='bbox 1592 723 1878 805; x_wconf 87' lang='lat' dir='ltr'>superior</span> <span class='ocrx_word' id='word_1_18' title='bbox 1921 743 2124 804; x_wconf 90' lang='lat' dir='ltr'>usque</span> <span class='ocrx_word' id='word_1_19' title='bbox 2177 723 2256 786; x_wconf 86' lang='lat' dir='ltr'>ad</span> <span class='ocrx_word' id='word_1_20' title='bbox 2293 725 2531 788; x_wconf 90' lang='lat' dir='ltr'>uulnus</span> <span class='ocrx_word' id='word_1_21' title='bbox 2570 729 2813 788; x_wconf 87' lang='lat' dir='ltr'>aruerat</span> 
     </span>
     <span class='ocr_line' id='line_1_4' title="bbox 525 829 2808 912; baseline -0 -17"><span class='ocrx_word' id='word_1_22' title='bbox 525 836 588 896; x_wconf 91' lang='lat' dir='ltr'>et</span> <span class='ocrx_word' id='word_1_23' title='bbox 642 831 991 895; x_wconf 83' lang='lat' dir='ltr'>miserabili</span> <span class='ocrx_word' id='word_1_24' title='bbox 1048 830 1249 895; x_wconf 90' lang='lat' dir='ltr'>macie</span> <span class='ocrx_word' id='word_1_25' title='bbox 1308 830 1473 893; x_wconf 86' lang='lat' dir='ltr'>cutis</span> <span class='ocrx_word' id='word_1_26' title='bbox 1531 829 1739 893; x_wconf 92' lang='lat' dir='ltr'>lurida</span> <span class='ocrx_word' id='word_1_27' title='bbox 1792 830 1981 912; x_wconf 86' lang='lat' dir='ltr'>longe</span> <span class='ocrx_word' id='word_1_28' title='bbox 2028 830 2192 894; x_wconf 87' lang='lat' dir='ltr'>inter</span> <span class='ocrx_word' id='word_1_29' title='bbox 2239 849 2385 895; x_wconf 90' lang='lat' dir='ltr'>ossa</span> <span class='ocrx_word' id='word_1_30' title='bbox 2430 831 2808 908; x_wconf 80' lang='lat' dir='ltr'>consederat,</span> 
     </span>
     <span class='ocr_line' id='line_1_5' title="bbox 521 935 2810 1017; baseline 0 -17"><span class='ocrx_word' id='word_1_31' title='bbox 521 938 778 1001; x_wconf 90' lang='lat' dir='ltr'>inferior</span> <span class='ocrx_word' id='word_1_32' title='bbox 815 936 949 1000; x_wconf 91' lang='lat' dir='ltr'>sine</span> <span class='ocrx_word' id='word_1_33' title='bbox 987 936 1120 1000; x_wconf 91' lang='lat' dir='ltr'>ulla</span> <span class='ocrx_word' id='word_1_34' title='bbox 1150 936 1386 1017; x_wconf 90' lang='lat' dir='ltr'>pedum</span> <span class='ocrx_word' id='word_1_35' title='bbox 1422 935 1624 1000; x_wconf 88' lang='lat' dir='ltr'>forma</span> <span class='ocrx_word' id='word_1_36' title='bbox 1660 937 1722 999; x_wconf 91' lang='lat' dir='ltr'>in</span> <span class='ocrx_word' id='word_1_37' title='bbox 1763 936 2002 1000; x_wconf 88' lang='lat' dir='ltr'>utrium</span> <span class='ocrx_word' id='word_1_38' title='bbox 2039 936 2299 1000; x_wconf 91' lang='lat' dir='ltr'>modum</span> <span class='ocrx_word' id='word_1_39' title='bbox 2338 937 2553 1001; x_wconf 87' lang='lat' dir='ltr'>inflata</span> <span class='ocrx_word' id='word_1_40' title='bbox 2589 937 2810 1001; x_wconf 92' lang='lat' dir='ltr'>discre-</span> 
     </span>
    </p>
   </div>
   <div class='ocr_carea' id='block_1_3' title="bbox 438 1042 2894 1125">
    <p class='ocr_par' dir='ltr' id='par_1_3' title="bbox 438 1042 2894 1125">
     <span class='ocr_line' id='line_1_6' title="bbox 438 1042 2894 1125; baseline -0.002 -18"><span class='ocrx_word' id='word_1_41' title='bbox 438 1046 497 1100; x_wconf 93' lang='lat'>11</span> <span class='ocrx_word' id='word_1_42' title='bbox 522 1046 720 1108; x_wconf 87' lang='lat' dir='ltr'>uerat.</span> <span class='ocrx_word' id='word_1_43' title='bbox 816 1047 880 1107; x_wconf 87' lang='lat' dir='ltr'>et</span> <span class='ocrx_word' id='word_1_44' title='bbox 924 1044 1080 1107; x_wconf 88' lang='lat' dir='ltr'>haec</span> <span class='ocrx_word' id='word_1_45' title='bbox 1127 1042 1295 1107; x_wconf 83' lang='lat' dir='ltr'>facta</span> <span class='ocrx_word' id='word_1_46' title='bbox 1342 1045 1493 1106; x_wconf 88' lang='lat' dir='ltr'>sunt</span> <span class='ocrx_word' id='word_1_47' title='bbox 1538 1062 1651 1124; x_wconf 87' lang='lat' dir='ltr'>per</span> <span class='ocrx_word' id='word_1_48' title='bbox 1698 1061 1929 1105; x_wconf 88' lang='lat' dir='ltr'>annum</span> <span class='ocrx_word' id='word_1_49' title='bbox 1977 1045 2322 1125; x_wconf 75' lang='lat' dir='ltr'>perpetem,</span> <span class='ocrx_word' id='word_1_50' title='bbox 2371 1063 2516 1108; x_wconf 90' lang='lat' dir='ltr'>cum</span> <span class='ocrx_word' id='word_1_51' title='bbox 2564 1044 2808 1107; x_wconf 87' lang='lat' dir='ltr'>tandem</span> <span class='ocrx_word' id='word_1_52' title='bbox 2868 1063 2894 1102; x_wconf 84' lang='lat'>5</span> 
     </span>
    </p>
   </div>
   <div class='ocr_carea' id='block_1_4' title="bbox 470 1149 2812 2621">
    <p class='ocr_par' dir='ltr' id='par_1_4' title="bbox 520 1149 2812 1533">
     <span class='ocr_line' id='line_1_7' title="bbox 521 1149 2809 1233; baseline 0 -20"><span class='ocrx_word' id='word_1_53' title='bbox 521 1151 707 1215; x_wconf 87' lang='lat' dir='ltr'>malis</span> <span class='ocrx_word' id='word_1_54' title='bbox 748 1150 1026 1215; x_wconf 89' lang='lat' dir='ltr'>domitus</span> <span class='ocrx_word' id='word_1_55' title='bbox 1067 1149 1253 1214; x_wconf 87' lang='lat' dir='ltr'>deum</span> <span class='ocrx_word' id='word_1_56' title='bbox 1295 1153 1554 1214; x_wconf 85' lang='lat' dir='ltr'>coactus</span> <span class='ocrx_word' id='word_1_57' title='bbox 1594 1153 1694 1213; x_wconf 87' lang='lat' dir='ltr'>est</span> <span class='ocrx_word' id='word_1_58' title='bbox 1732 1149 2034 1213; x_wconf 88' lang='lat' dir='ltr'>confiteri.</span> <span class='ocrx_word' id='word_1_59' title='bbox 2076 1151 2226 1214; x_wconf 90' lang='lat' dir='ltr'>noui</span> <span class='ocrx_word' id='word_1_60' title='bbox 2266 1150 2501 1214; x_wconf 89' lang='lat' dir='ltr'>doloris</span> <span class='ocrx_word' id='word_1_61' title='bbox 2532 1151 2809 1233; x_wconf 86' lang='lat' dir='ltr'>urgentis</span> 
     </span>
     <span class='ocr_line' id='line_1_8' title="bbox 521 1255 2811 1340; baseline 0.001 -20"><span class='ocrx_word' id='word_1_62' title='bbox 521 1276 633 1339; x_wconf 87' lang='lat' dir='ltr'>per</span> <span class='ocrx_word' id='word_1_63' title='bbox 673 1257 1012 1320; x_wconf 85' lang='lat' dir='ltr'>interualla</span> <span class='ocrx_word' id='word_1_64' title='bbox 1061 1255 1367 1320; x_wconf 83' lang='lat' dir='ltr'>exclamat</span> <span class='ocrx_word' id='word_1_65' title='bbox 1416 1276 1481 1321; x_wconf 90' lang='lat' dir='ltr'>se</span> <span class='ocrx_word' id='word_1_66' title='bbox 1528 1257 1980 1321; x_wconf 83' lang='lat' dir='ltr'>restituturum</span> <span class='ocrx_word' id='word_1_67' title='bbox 2029 1256 2130 1321; x_wconf 87' lang='lat' dir='ltr'>dei</span> <span class='ocrx_word' id='word_1_68' title='bbox 2178 1257 2491 1340; x_wconf 84' lang='lat' dir='ltr'>templum</span> <span class='ocrx_word' id='word_1_69' title='bbox 2539 1259 2811 1339; x_wconf 88' lang='lat' dir='ltr'>satisque</span> 
     </span>
     <span class='ocr_line' id='line_1_9' title="bbox 520 1362 2812 1443; baseline 0.001 -18"><span class='ocrx_word' id='word_1_70' title='bbox 520 1383 631 1443; x_wconf 90' lang='lat' dir='ltr'>pro</span> <span class='ocrx_word' id='word_1_71' title='bbox 691 1363 927 1427; x_wconf 87' lang='lat' dir='ltr'>scelere</span> <span class='ocrx_word' id='word_1_72' title='bbox 984 1362 1323 1426; x_wconf 86' lang='lat' dir='ltr'>facturum.</span> <span class='ocrx_word' id='word_1_73' title='bbox 1390 1366 1454 1426; x_wconf 86' lang='lat' dir='ltr'>et</span> <span class='ocrx_word' id='word_1_74' title='bbox 1506 1363 1634 1426; x_wconf 89' lang='lat' dir='ltr'>iam</span> <span class='ocrx_word' id='word_1_75' title='bbox 1693 1362 1990 1427; x_wconf 90' lang='lat' dir='ltr'>deficiens</span> <span class='ocrx_word' id='word_1_76' title='bbox 2051 1364 2332 1427; x_wconf 83' lang='lat' dir='ltr'>edictum</span> <span class='ocrx_word' id='word_1_77' title='bbox 2379 1364 2559 1428; x_wconf 84' lang='lat' dir='ltr'>misit</span> <span class='ocrx_word' id='word_1_78' title='bbox 2604 1364 2812 1428; x_wconf 86' lang='lat' dir='ltr'>huius-</span> 
     </span>
     <span class='ocr_line' id='line_1_10' title="bbox 521 1470 722 1533; baseline -0.005 0"><span class='ocrx_word' id='word_1_79' title='bbox 521 1470 722 1533; x_wconf 85' lang='lat' dir='ltr'>modi:</span> 
     </span>
    </p>

    <p class='ocr_par' dir='ltr' id='par_1_5' title="bbox 474 1576 2811 2192">
     <span class='ocr_line' id='line_1_11' title="bbox 474 1576 2811 1659; baseline -0 -19"><span class='ocrx_word' id='word_1_80' title='bbox 474 1579 495 1631; x_wconf 93' lang='lat'>1</span> <span class='ocrx_word' id='word_1_81' title='bbox 614 1579 722 1643; x_wconf 79' lang='lat'>34.</span> <span class='ocrx_word' id='word_1_82' title='bbox 819 1577 1044 1640; x_wconf 87' lang='lat' dir='ltr'>Inter</span> <span class='ocrx_word' id='word_1_83' title='bbox 1103 1580 1378 1641; x_wconf 88' lang='lat' dir='ltr'>cetera</span> <span class='ocrx_word' id='word_1_84' title='bbox 1440 1595 1638 1658; x_wconf 91' lang='lat' dir='ltr'>quae</span> <span class='ocrx_word' id='word_1_85' title='bbox 1697 1596 1832 1658; x_wconf 89' lang='lat' dir='ltr'>pro</span> <span class='ocrx_word' id='word_1_86' title='bbox 1890 1577 2007 1639; x_wconf 88' lang='lat' dir='ltr'>rei</span> <span class='ocrx_word' id='word_1_87' title='bbox 2063 1576 2444 1658; x_wconf 88' lang='lat' dir='ltr'>publicae</span> <span class='ocrx_word' id='word_1_88' title='bbox 2508 1596 2811 1659; x_wconf 88' lang='lat' dir='ltr'>semper</span> 
     </span>
     <span class='ocr_line' id='line_1_12' title="bbox 524 1683 2809 1766; baseline -0 -19"><span class='ocrx_word' id='word_1_89' title='bbox 524 1683 967 1748; x_wconf 89' lang='lat' dir='ltr'>commodis</span> <span class='ocrx_word' id='word_1_90' title='bbox 1018 1686 1261 1765; x_wconf 87' lang='lat' dir='ltr'>atque</span> <span class='ocrx_word' id='word_1_91' title='bbox 1308 1683 1694 1747; x_wconf 85' lang='lat' dir='ltr'>utilitate</span> <span class='ocrx_word' id='word_1_92' title='bbox 1745 1683 2279 1764; x_wconf 81' lang='lat' dir='ltr'>disponimus,</span> <span class='ocrx_word' id='word_1_93' title='bbox 2329 1703 2468 1748; x_wconf 90' lang='lat' dir='ltr'>nos</span> <span class='ocrx_word' id='word_1_94' title='bbox 2519 1684 2809 1766; x_wconf 88' lang='lat' dir='ltr'>quidem</span> 
     </span>
     <span class='ocr_line' id='line_1_13' title="bbox 523 1790 2810 1873; baseline -0.001 -19"><span class='ocrx_word' id='word_1_95' title='bbox 523 1791 1047 1854; x_wconf 83' lang='lat' dir='ltr'>nolueramus</span> <span class='ocrx_word' id='word_1_96' title='bbox 1109 1790 1452 1854; x_wconf 90' lang='lat' dir='ltr'>antehac</span> <span class='ocrx_word' id='word_1_97' title='bbox 1509 1791 1736 1853; x_wconf 80' lang='lat' dir='ltr'>iuxta</span> <span class='ocrx_word' id='word_1_98' title='bbox 1781 1792 2009 1873; x_wconf 88' lang='lat' dir='ltr'>leges</span> <span class='ocrx_word' id='word_1_99' title='bbox 2059 1794 2386 1854; x_wconf 90' lang='lat' dir='ltr'>ueteres</span> <span class='ocrx_word' id='word_1_100' title='bbox 2438 1793 2514 1853; x_wconf 94' lang='lat' dir='ltr'>et</span> <span class='ocrx_word' id='word_1_101' title='bbox 2559 1790 2810 1871; x_wconf 88' lang='lat' dir='ltr'>publi-</span> 
     </span>
     <span class='ocr_line' id='line_1_14' title="bbox 524 1896 2809 1980; baseline -0.001 -20"><span class='ocrx_word' id='word_1_102' title='bbox 524 1916 689 1960; x_wconf 87' lang='lat' dir='ltr'>cam</span> <span class='ocrx_word' id='word_1_103' title='bbox 737 1896 1269 1980; x_wconf 86' lang='lat' dir='ltr'>disciplinam</span> <span class='ocrx_word' id='word_1_104' title='bbox 1316 1898 1850 1962; x_wconf 88' lang='lat' dir='ltr'>Romanorum</span> <span class='ocrx_word' id='word_1_105' title='bbox 1901 1901 2195 1961; x_wconf 91' lang='lat' dir='ltr'>cuncta</span> <span class='ocrx_word' id='word_1_106' title='bbox 2244 1897 2655 1979; x_wconf 87' lang='lat' dir='ltr'>corrigere</span> <span class='ocrx_word' id='word_1_107' title='bbox 2714 1899 2809 1958; x_wconf 88' lang='lat' dir='ltr'>at-</span> 
     </span>
     <span class='ocr_line' id='line_1_15' title="bbox 525 2003 2810 2086; baseline 0 -21"><span class='ocrx_word' id='word_1_108' title='bbox 525 2022 671 2083; x_wconf 90' lang='lat' dir='ltr'>que</span> <span class='ocrx_word' id='word_1_109' title='bbox 729 2003 806 2066; x_wconf 90' lang='lat' dir='ltr'>id</span> <span class='ocrx_word' id='word_1_110' title='bbox 862 2004 1316 2085; x_wconf 88' lang='lat' dir='ltr'>prouidere,</span> <span class='ocrx_word' id='word_1_111' title='bbox 1376 2007 1463 2067; x_wconf 90' lang='lat' dir='ltr'>ut</span> <span class='ocrx_word' id='word_1_112' title='bbox 1520 2005 1766 2069; x_wconf 85' lang='lat' dir='ltr'>etiam</span> <span class='ocrx_word' id='word_1_113' title='bbox 1826 2003 2305 2077; x_wconf 87' lang='lat' dir='ltr'>Christiani,</span> <span class='ocrx_word' id='word_1_114' title='bbox 2357 2003 2492 2085; x_wconf 89' lang='lat' dir='ltr'>qui</span> <span class='ocrx_word' id='word_1_115' title='bbox 2548 2022 2810 2086; x_wconf 86' lang='lat' dir='ltr'>paren-</span> 
     </span>
     <span class='ocr_line' id='line_1_16' title="bbox 522 2110 2806 2192; baseline 0 -20"><span class='ocrx_word' id='word_1_116' title='bbox 522 2111 686 2172; x_wconf 88' lang='lat' dir='ltr'>tum</span> <span class='ocrx_word' id='word_1_117' title='bbox 748 2129 1070 2173; x_wconf 88' lang='lat' dir='ltr'>suorum</span> <span class='ocrx_word' id='word_1_118' title='bbox 1131 2110 1642 2192; x_wconf 90' lang='lat' dir='ltr'>reliquerant</span> <span class='ocrx_word' id='word_1_119' title='bbox 1703 2114 2027 2186; x_wconf 88' lang='lat' dir='ltr'>sectam,</span> <span class='ocrx_word' id='word_1_120' title='bbox 2079 2110 2170 2173; x_wconf 90' lang='lat' dir='ltr'>ad</span> <span class='ocrx_word' id='word_1_121' title='bbox 2216 2110 2458 2175; x_wconf 90' lang='lat' dir='ltr'>bonas</span> <span class='ocrx_word' id='word_1_122' title='bbox 2506 2114 2806 2173; x_wconf 87' lang='lat' dir='ltr'>mentes</span> 
     </span>
    </p>

    <p class='ocr_par' dir='ltr' id='par_1_6' title="bbox 470 2216 2810 2621">
     <span class='ocr_line' id='line_1_17' title="bbox 470 2216 2808 2297; baseline -0 -18"><span class='ocrx_word' id='word_1_123' title='bbox 470 2217 914 2293; x_wconf 82' lang='lat' dir='ltr'>2redirent,</span> <span class='ocrx_word' id='word_1_124' title='bbox 1010 2216 1413 2297; x_wconf 88' lang='lat' dir='ltr'>siquidem</span> <span class='ocrx_word' id='word_1_125' title='bbox 1465 2217 1802 2297; x_wconf 88' lang='lat' dir='ltr'>quadam</span> <span class='ocrx_word' id='word_1_126' title='bbox 1851 2217 2168 2281; x_wconf 86' lang='lat' dir='ltr'>ratione</span> <span class='ocrx_word' id='word_1_127' title='bbox 2215 2220 2446 2281; x_wconf 86' lang='lat' dir='ltr'>tanta</span> <span class='ocrx_word' id='word_1_128' title='bbox 2496 2216 2808 2280; x_wconf 87' lang='lat' dir='ltr'>eosdem</span> 
     </span>
     <span class='ocr_line' id='line_1_18' title="bbox 527 2321 2809 2388; baseline -0.001 -2"><span class='ocrx_word' id='word_1_129' title='bbox 527 2321 1055 2386; x_wconf 84' lang='lat' dir='ltr'>Christianos</span> <span class='ocrx_word' id='word_1_130' title='bbox 1103 2323 1495 2385; x_wconf 90' lang='lat' dir='ltr'>uoluntas</span> <span class='ocrx_word' id='word_1_131' title='bbox 1545 2323 2009 2387; x_wconf 89' lang='lat' dir='ltr'>inuasisset</span> <span class='ocrx_word' id='word_1_132' title='bbox 2056 2327 2128 2388; x_wconf 91' lang='lat' dir='ltr'>et</span> <span class='ocrx_word' id='word_1_133' title='bbox 2173 2325 2384 2386; x_wconf 90' lang='lat' dir='ltr'>tanta</span> <span class='ocrx_word' id='word_1_134' title='bbox 2441 2322 2809 2387; x_wconf 86' lang='lat' dir='ltr'>stultitia</span> 
     </span>
     <span class='ocr_line' id='line_1_19' title="bbox 524 2429 2809 2510; baseline -0.001 -17"><span class='ocrx_word' id='word_1_135' title='bbox 524 2432 1045 2510; x_wconf 88' lang='lat' dir='ltr'>occupasset,</span> <span class='ocrx_word' id='word_1_136' title='bbox 1105 2433 1191 2492; x_wconf 89' lang='lat' dir='ltr'>ut</span> <span class='ocrx_word' id='word_1_137' title='bbox 1244 2449 1391 2492; x_wconf 91' lang='lat' dir='ltr'>non</span> <span class='ocrx_word' id='word_1_138' title='bbox 1448 2429 1601 2493; x_wconf 89' lang='lat' dir='ltr'>illa</span> <span class='ocrx_word' id='word_1_139' title='bbox 1656 2434 2021 2494; x_wconf 91' lang='lat' dir='ltr'>ueterum</span> <span class='ocrx_word' id='word_1_140' title='bbox 2079 2430 2480 2494; x_wconf 88' lang='lat' dir='ltr'>instituta</span> <span class='ocrx_word' id='word_1_141' title='bbox 2547 2447 2809 2510; x_wconf 88' lang='lat' dir='ltr'>seque-</span> 
     </span>
     <span class='ocr_line' id='line_1_20' title="bbox 521 2537 2810 2621; baseline 0 -22"><span class='ocrx_word' id='word_1_142' title='bbox 521 2539 823 2614; x_wconf 90' lang='lat' dir='ltr'>rentur,</span> <span class='ocrx_word' id='word_1_143' title='bbox 875 2555 1071 2618; x_wconf 90' lang='lat' dir='ltr'>quae</span> <span class='ocrx_word' id='word_1_144' title='bbox 1130 2537 1485 2601; x_wconf 88' lang='lat' dir='ltr'>forsitan</span> <span class='ocrx_word' id='word_1_145' title='bbox 1545 2538 1886 2618; x_wconf 89' lang='lat' dir='ltr'>primum</span> <span class='ocrx_word' id='word_1_146' title='bbox 1943 2541 2324 2621; x_wconf 87' lang='lat' dir='ltr'>parentes</span> <span class='ocrx_word' id='word_1_147' title='bbox 2385 2537 2810 2601; x_wconf 86' lang='lat' dir='ltr'>eorundem</span> 
     </span>
    </p>
   </div>
   <div class='ocr_carea' id='block_1_5' title="bbox 519 2709 2815 3401">
    <p class='ocr_par' dir='ltr' id='par_1_7' title="bbox 519 2709 2815 3401">
     <span class='ocr_line' id='line_1_21' title="bbox 699 2709 2810 2779; baseline 0.001 -17"><span class='ocrx_word' id='word_1_148' title='bbox 699 2709 898 2764; x_wconf 85' lang='lat' dir='ltr'>LOCI</span> <span class='ocrx_word' id='word_1_149' title='bbox 930 2709 1385 2764; x_wconf 79' lang='lat' dir='ltr'><em>AVCTORVM</em></span> <span class='ocrx_word' id='word_1_150' title='bbox 1416 2711 2029 2767; x_wconf 74' lang='lat' dir='ltr'><strong><em>EXPILATORVM</em></strong></span> <span class='ocrx_word' id='word_1_151' title='bbox 2061 2711 2405 2766; x_wconf 79' lang='lat' dir='ltr'><strong><em>SIMILES</em></strong></span> <span class='ocrx_word' id='word_1_152' title='bbox 2509 2714 2540 2765; x_wconf 88' lang='lat'>5</span> <span class='ocrx_word' id='word_1_153' title='bbox 2581 2711 2674 2779; x_wconf 69' lang='lat' dir='ltr'>ss]</span> <span class='ocrx_word' id='word_1_154' title='bbox 2708 2712 2810 2764; x_wconf 89' lang='lat' dir='ltr'>Eu-</span> 
     </span>
     <span class='ocr_line' id='line_1_22' title="bbox 521 2798 2811 2870; baseline -0.001 -18"><span class='ocrx_word' id='word_1_155' title='bbox 521 2798 632 2854; x_wconf 90' lang='lat' dir='ltr'>seb.</span> <span class='ocrx_word' id='word_1_156' title='bbox 673 2799 741 2854; x_wconf 92' lang='lat' dir='ltr'>H.</span> <span class='ocrx_word' id='word_1_157' title='bbox 782 2799 841 2852; x_wconf 87' lang='lat' dir='ltr'>E.</span> <span class='ocrx_word' id='word_1_158' title='bbox 882 2798 1015 2851; x_wconf 89' lang='lat' dir='ltr'>VIII</span> <span class='ocrx_word' id='word_1_159' title='bbox 1053 2800 1134 2862; x_wconf 90' lang='lat'>17,</span> <span class='ocrx_word' id='word_1_160' title='bbox 1170 2800 1215 2853; x_wconf 92' lang='lat'>1.</span> <span class='ocrx_word' id='word_1_161' title='bbox 1246 2799 1355 2854; x_wconf 90' lang='lat' dir='ltr'>Vit.</span> <span class='ocrx_word' id='word_1_162' title='bbox 1390 2798 1574 2852; x_wconf 85' lang='lat' dir='ltr'>Const.</span> <span class='ocrx_word' id='word_1_163' title='bbox 1607 2800 1633 2852; x_wconf 98' lang='lat' dir='ltr'>I</span> <span class='ocrx_word' id='word_1_164' title='bbox 1664 2802 1747 2863; x_wconf 82' lang='lat'>57,</span> <span class='ocrx_word' id='word_1_165' title='bbox 1780 2801 1828 2857; x_wconf 88' lang='lat'>3.</span> <span class='ocrx_word' id='word_1_166' title='bbox 1945 2802 2135 2870; x_wconf 89' lang='lat' dir='ltr'>lO—p.</span> <span class='ocrx_word' id='word_1_167' title='bbox 2165 2800 2284 2863; x_wconf 84' lang='lat'>213,</span> <span class='ocrx_word' id='word_1_168' title='bbox 2316 2802 2400 2853; x_wconf 85' lang='grc'>22.</span> <span class='ocrx_word' id='word_1_169' title='bbox 2439 2801 2544 2854; x_wconf 91' lang='lat' dir='ltr'>hoc</span> <span class='ocrx_word' id='word_1_170' title='bbox 2582 2800 2811 2853; x_wconf 81' lang='lat' dir='ltr'>edictum</span> 
     </span>
     <span class='ocr_line' id='line_1_23' title="bbox 519 2887 2809 2957; baseline 0 -17"><span class='ocrx_word' id='word_1_171' title='bbox 519 2889 576 2940; x_wconf 88' lang='lat' dir='ltr'>in</span> <span class='ocrx_word' id='word_1_172' title='bbox 618 2887 880 2941; x_wconf 89' lang='lat' dir='ltr'>Graecum</span> <span class='ocrx_word' id='word_1_173' title='bbox 929 2904 1245 2941; x_wconf 89' lang='lat' dir='ltr'>conuersum</span> <span class='ocrx_word' id='word_1_174' title='bbox 1295 2892 1442 2941; x_wconf 80' lang='lat' dir='ltr'>extat</span> <span class='ocrx_word' id='word_1_175' title='bbox 1491 2906 1573 2957; x_wconf 86' lang='lat' dir='ltr'>ap.</span> <span class='ocrx_word' id='word_1_176' title='bbox 1626 2890 1935 2952; x_wconf 87' lang='lat' dir='ltr'>Eusebium,</span> <span class='ocrx_word' id='word_1_177' title='bbox 1983 2891 2051 2943; x_wconf 92' lang='lat' dir='ltr'>H.</span> <span class='ocrx_word' id='word_1_178' title='bbox 2101 2891 2161 2943; x_wconf 87' lang='lat' dir='ltr'>E.</span> <span class='ocrx_word' id='word_1_179' title='bbox 2202 2889 2338 2942; x_wconf 88' lang='lat' dir='ltr'>VIII</span> <span class='ocrx_word' id='word_1_180' title='bbox 2378 2890 2460 2952; x_wconf 90' lang='lat'>17,</span> <span class='ocrx_word' id='word_1_181' title='bbox 2500 2891 2698 2952; x_wconf 87' lang='lat'>3—10;</span> <span class='ocrx_word' id='word_1_182' title='bbox 2750 2887 2809 2940; x_wconf 89' lang='lat' dir='ltr'>cf.</span> 
     </span>
     <span class='ocr_line' id='line_1_24' title="bbox 519 2975 2812 3048; baseline -0.001 -20"><span class='ocrx_word' id='word_1_183' title='bbox 519 2975 649 3029; x_wconf 89' lang='lat' dir='ltr'>ibid.</span> <span class='ocrx_word' id='word_1_184' title='bbox 691 2981 719 3040; x_wconf 68' lang='grc' dir='ltr'>ἓ</span> <span class='ocrx_word' id='word_1_185' title='bbox 751 2976 841 3028; x_wconf 86' lang='lat'>11:</span> <span class='ocrx_word' id='word_1_186' title='bbox 881 2982 1045 3028; x_wconf 81' lang='grc' dir='ltr'>ταῦτα</span> <span class='ocrx_word' id='word_1_187' title='bbox 1081 2976 1216 3028; x_wconf 76' lang='grc' dir='ltr'>κατὰ</span> <span class='ocrx_word' id='word_1_188' title='bbox 1251 2976 1346 3045; x_wconf 80' lang='grc' dir='ltr'>τὴν</span> <span class='ocrx_word' id='word_1_189' title='bbox 1385 2983 1487 3028; x_wconf 83' lang='grc' dir='ltr'>τῶν</span> <span class='ocrx_word' id='word_1_190' title='bbox 1529 2975 1804 3048; x_wconf 80' lang='grc' dir='ltr'>Ῥωμαίων</span> <span class='ocrx_word' id='word_1_191' title='bbox 1845 2979 2025 3048; x_wconf 74' lang='grc' dir='ltr'>φωνὴν</span> <span class='ocrx_word' id='word_1_192' title='bbox 2065 2976 2146 3029; x_wconf 76' lang='grc' dir='ltr'>ἐπὶ</span> <span class='ocrx_word' id='word_1_193' title='bbox 2181 2978 2276 3048; x_wconf 74' lang='grc' dir='ltr'>τὴν</span> <span class='ocrx_word' id='word_1_194' title='bbox 2317 2976 2550 3029; x_wconf 67' lang='grc' dir='ltr'>*Ελλάδα</span> <span class='ocrx_word' id='word_1_195' title='bbox 2583 2975 2812 3047; x_wconf 80' lang='grc' dir='ltr'>γλῶτταν</span> 
     </span>
     <span class='ocr_line' id='line_1_25' title="bbox 520 3062 2813 3136; baseline -0 -20"><span class='ocrx_word' id='word_1_196' title='bbox 520 3066 655 3118; x_wconf 76' lang='grc' dir='ltr'><strong><em>κατὰ</em></strong></span> <span class='ocrx_word' id='word_1_197' title='bbox 692 3065 748 3116; x_wconf 87' lang='grc' dir='ltr'>τὸ</span> <span class='ocrx_word' id='word_1_198' title='bbox 790 3064 1006 3117; x_wconf 79' lang='grc' dir='ltr'>δυνατὸν</span> <span class='ocrx_word' id='word_1_199' title='bbox 1048 3063 1452 3135; x_wconf 76' lang='grc' dir='ltr'>μεταβληθέντα</span> <span class='ocrx_word' id='word_1_200' title='bbox 1486 3072 1667 3117; x_wconf 78' lang='grc' dir='ltr'>τοῦτον</span> <span class='ocrx_word' id='word_1_201' title='bbox 1708 3062 1819 3136; x_wconf 77' lang='grc' dir='ltr'>’ἔχει</span> <span class='ocrx_word' id='word_1_202' title='bbox 1853 3067 1940 3117; x_wconf 79' lang='grc' dir='ltr'>τὸν</span> <span class='ocrx_word' id='word_1_203' title='bbox 1979 3065 2184 3135; x_wconf 79' lang='grc' dir='ltr'>τρόπον.</span> <span class='ocrx_word' id='word_1_204' title='bbox 2242 3083 2304 3119; x_wconf 81' lang='lat' dir='ltr'>cx</span> <span class='ocrx_word' id='word_1_205' title='bbox 2339 3066 2579 3119; x_wconf 85' lang='lat' dir='ltr'>Eusebio</span> <span class='ocrx_word' id='word_1_206' title='bbox 2622 3073 2813 3118; x_wconf 87' lang='lat' dir='ltr'>‘rursus</span> 
     </span>
     <span class='ocr_line' id='line_1_26' title="bbox 519 3152 2814 3216; baseline -0.001 -10"><span class='ocrx_word' id='word_1_207' title='bbox 519 3152 817 3206; x_wconf 87' lang='lat' dir='ltr'>transfudit</span> <span class='ocrx_word' id='word_1_208' title='bbox 864 3153 919 3206; x_wconf 92' lang='lat' dir='ltr'>in</span> <span class='ocrx_word' id='word_1_209' title='bbox 964 3152 1235 3206; x_wconf 84' lang='lat' dir='ltr'>Latinum&#39;</span> <span class='ocrx_word' id='word_1_210' title='bbox 1284 3153 1510 3205; x_wconf 86' lang='lat' dir='ltr'>Rufinus</span> <span class='ocrx_word' id='word_1_211' title='bbox 1557 3154 1625 3206; x_wconf 92' lang='lat' dir='ltr'>H.</span> <span class='ocrx_word' id='word_1_212' title='bbox 1665 3154 1725 3206; x_wconf 88' lang='grc' dir='ltr'>Ε.</span> <span class='ocrx_word' id='word_1_213' title='bbox 1764 3153 1899 3206; x_wconf 93' lang='lat' dir='ltr'>VIII</span> <span class='ocrx_word' id='word_1_214' title='bbox 1940 3154 2023 3206; x_wconf 90' lang='lat'>19.</span> <span class='ocrx_word' id='word_1_215' title='bbox 2065 3185 2131 3193; x_wconf 93' lang='lat'>—-</span> <span class='ocrx_word' id='word_1_216' title='bbox 2173 3153 2239 3208; x_wconf 85' lang='lat' dir='ltr'>cf.</span> <span class='ocrx_word' id='word_1_217' title='bbox 2278 3154 2484 3216; x_wconf 89' lang='lat' dir='ltr'>Belser‚</span> <span class='ocrx_word' id='word_1_218' title='bbox 2525 3154 2814 3207; x_wconf 82' lang='lat' dir='ltr'>Gramma-</span> 
     </span>
     <span class='ocr_line' id='line_1_27' title="bbox 522 3241 2815 3313; baseline -0.001 -18"><span class='ocrx_word' id='word_1_219' title='bbox 522 3241 939 3295; x_wconf 80' lang='lat' dir='ltr'>tisch-kritische</span> <span class='ocrx_word' id='word_1_220' title='bbox 973 3241 1298 3310; x_wconf 72' lang='lat' dir='ltr'>Erklciruuy</span> <span class='ocrx_word' id='word_1_221' title='bbox 1333 3258 1439 3295; x_wconf 78' lang='lat' dir='ltr'>von</span> <span class='ocrx_word' id='word_1_222' title='bbox 1468 3241 1814 3295; x_wconf 71' lang='lat' dir='ltr'>Lcclctantius</span> <span class='ocrx_word' id='word_1_223' title='bbox 1854 3243 1919 3296; x_wconf 85' lang='lat' dir='ltr'>de</span> <span class='ocrx_word' id='word_1_224' title='bbox 1956 3244 2221 3296; x_wconf 76' lang='lat' dir='ltr'>mortibus</span> <span class='ocrx_word' id='word_1_225' title='bbox 2247 3248 2662 3313; x_wconf 75' lang='lat' dir='ltr'>persecutorum</span> <span class='ocrx_word' id='word_1_226' title='bbox 2699 3258 2815 3309; x_wconf 76' lang='lat' dir='ltr'>cap.</span> 
     </span>
     <span class='ocr_line' id='line_1_28' title="bbox 526 3329 2163 3401; baseline 0.001 -18"><span class='ocrx_word' id='word_1_227' title='bbox 526 3334 617 3383; x_wconf 81' lang='lat'>34.</span> <span class='ocrx_word' id='word_1_228' title='bbox 657 3347 835 3400; x_wconf 87' lang='lat' dir='ltr'>progr.</span> <span class='ocrx_word' id='word_1_229' title='bbox 877 3331 1193 3400; x_wconf 81' lang='lat' dir='ltr'>gratulator.</span> <span class='ocrx_word' id='word_1_230' title='bbox 1237 3329 1516 3401; x_wconf 86' lang='lat' dir='ltr'>Gymnasii</span> <span class='ocrx_word' id='word_1_231' title='bbox 1553 3332 1965 3400; x_wconf 76' lang='lat' dir='ltr'>EllwangensiS,</span> <span class='ocrx_word' id='word_1_232' title='bbox 2009 3333 2163 3386; x_wconf 81' lang='lat'><strong>1889.</strong></span> 
     </span>
    </p>
   </div>
   <div class='ocr_carea' id='block_1_6' title="bbox 512 3453 2820 4409">
    <p class='ocr_par' dir='ltr' id='par_1_8' title="bbox 512 3453 2820 4409">
     <span class='ocr_line' id='line_1_29' title="bbox 595 3453 2819 3521; baseline -0.001 -15"><span class='ocrx_word' id='word_1_233' title='bbox 595 3454 620 3506; x_wconf 92' lang='lat'>1</span> <span class='ocrx_word' id='word_1_234' title='bbox 664 3453 902 3507; x_wconf 88' lang='lat' dir='ltr'>secunda</span> <span class='ocrx_word' id='word_1_235' title='bbox 939 3453 1056 3506; x_wconf 86' lang='lat' dir='ltr'>Bal</span> <span class='ocrx_word' id='word_1_236' title='bbox 1183 3455 1215 3506; x_wconf 88' lang='grc'>2</span> <span class='ocrx_word' id='word_1_237' title='bbox 1255 3453 1587 3507; x_wconf 86' lang='lat' dir='ltr'>admiserant</span> <span class='ocrx_word' id='word_1_238' title='bbox 1626 3455 1683 3521; x_wconf 84' lang='lat' dir='ltr'>C,</span> <span class='ocrx_word' id='word_1_239' title='bbox 1723 3471 1859 3510; x_wconf 81' lang='lat' dir='ltr'>corr.</span> <span class='ocrx_word' id='word_1_240' title='bbox 1900 3455 2019 3508; x_wconf 76' lang='lat' dir='ltr'>Bal</span> <span class='ocrx_word' id='word_1_241' title='bbox 2137 3456 2168 3508; x_wconf 83' lang='lat'><strong>3</strong></span> <span class='ocrx_word' id='word_1_242' title='bbox 2205 3455 2380 3509; x_wconf 89' lang='lat' dir='ltr'>luride</span> <span class='ocrx_word' id='word_1_243' title='bbox 2425 3455 2485 3520; x_wconf 82' lang='lat' dir='ltr'>G,</span> <span class='ocrx_word' id='word_1_244' title='bbox 2523 3470 2663 3508; x_wconf 80' lang='lat' dir='ltr'>corr.</span> <span class='ocrx_word' id='word_1_245' title='bbox 2702 3453 2819 3505; x_wconf 78' lang='lat' dir='ltr'>Bal</span> 
     </span>
     <span class='ocr_line' id='line_1_30' title="bbox 521 3537 2818 3610; baseline -0 -15"><span class='ocrx_word' id='word_1_246' title='bbox 521 3544 556 3595; x_wconf 90' lang='lat'>4</span> <span class='ocrx_word' id='word_1_247' title='bbox 609 3543 915 3595; x_wconf 87' lang='lat' dir='ltr'>increuerat</span> <span class='ocrx_word' id='word_1_248' title='bbox 959 3541 1253 3608; x_wconf 68' lang='lat' dir='ltr'>GraeuiuS,</span> <span class='ocrx_word' id='word_1_249' title='bbox 1304 3537 1383 3595; x_wconf 76' lang='lat' dir='ltr'>et&#39;</span> <span class='ocrx_word' id='word_1_250' title='bbox 1408 3542 1652 3595; x_wconf 84' lang='lat' dir='ltr'>distenta</span> <span class='ocrx_word' id='word_1_251' title='bbox 1690 3547 1807 3596; x_wconf 86' lang='lat' dir='ltr'>erat</span> <span class='ocrx_word' id='word_1_252' title='bbox 1843 3543 2164 3609; x_wconf 74' lang='lat' dir='ltr'>Heumann,</span> <span class='ocrx_word' id='word_1_253' title='bbox 2204 3543 2542 3597; x_wconf 85' lang='lat' dir='ltr'>distenderat</span> <span class='ocrx_word' id='word_1_254' title='bbox 2581 3546 2726 3610; x_wconf 75' lang='lat' dir='ltr'>(‘1:›ro</span> <span class='ocrx_word' id='word_1_255' title='bbox 2764 3557 2818 3594; x_wconf 90' lang='lat' dir='ltr'>se</span> 
     </span>
     <span class='ocr_line' id='line_1_31' title="bbox 523 3629 2816 3700; baseline 0 -17"><span class='ocrx_word' id='word_1_256' title='bbox 523 3630 907 3694; x_wconf 74' lang='lat' dir='ltr'>distenderat-&#39;J</span> <span class='ocrx_word' id='word_1_257' title='bbox 946 3629 1313 3684; x_wconf 78' lang='lat' dir='ltr'>Buenemann</span> <span class='ocrx_word' id='word_1_258' title='bbox 1436 3632 1467 3682; x_wconf 88' lang='lat'><strong>6</strong></span> <span class='ocrx_word' id='word_1_259' title='bbox 1507 3649 1652 3685; x_wconf 87' lang='lat' dir='ltr'>noua</span> <span class='ocrx_word' id='word_1_260' title='bbox 1688 3633 1742 3684; x_wconf 90' lang='lat' dir='ltr'>ui</span> <span class='ocrx_word' id='word_1_261' title='bbox 1785 3631 1985 3685; x_wconf 89' lang='lat' dir='ltr'>doloris</span> <span class='ocrx_word' id='word_1_262' title='bbox 2024 3633 2269 3700; x_wconf 85' lang='lat' dir='ltr'>urgentis</span> <span class='ocrx_word' id='word_1_263' title='bbox 2309 3637 2408 3685; x_wconf 85' lang='lat' dir='ltr'>aut</span> <span class='ocrx_word' id='word_1_264' title='bbox 2445 3635 2675 3700; x_wconf 86' lang='lat' dir='ltr'>urgente</span> <span class='ocrx_word' id='word_1_265' title='bbox 2719 3630 2816 3683; x_wconf 86' lang='lat' dir='ltr'>Co-</span> 
     </span>
     <span class='ocr_line' id='line_1_32' title="bbox 524 3718 2818 3789; baseline 0 -17"><span class='ocrx_word' id='word_1_266' title='bbox 524 3721 756 3785; x_wconf 70' lang='lat' dir='ltr'>lumbuS,</span> <span class='ocrx_word' id='word_1_267' title='bbox 796 3724 852 3772; x_wconf 90' lang='lat' dir='ltr'>et</span> <span class='ocrx_word' id='word_1_268' title='bbox 899 3719 956 3770; x_wconf 92' lang='lat' dir='ltr'>ui</span> <span class='ocrx_word' id='word_1_269' title='bbox 1004 3718 1204 3773; x_wconf 88' lang='lat' dir='ltr'>doloris</span> <span class='ocrx_word' id='word_1_270' title='bbox 1244 3721 1487 3788; x_wconf 86' lang='lat' dir='ltr'>urgentis</span> <span class='ocrx_word' id='word_1_271' title='bbox 1532 3721 1694 3788; x_wconf 77' lang='lat' dir='ltr'>Gale,</span> <span class='ocrx_word' id='word_1_272' title='bbox 1733 3738 1856 3774; x_wconf 87' lang='lat' dir='ltr'>nam</span> <span class='ocrx_word' id='word_1_273' title='bbox 1895 3722 1950 3774; x_wconf 93' lang='lat' dir='ltr'>ui</span> <span class='ocrx_word' id='word_1_274' title='bbox 1991 3721 2192 3774; x_wconf 88' lang='lat' dir='ltr'>doloris</span> <span class='ocrx_word' id='word_1_275' title='bbox 2232 3723 2460 3789; x_wconf 86' lang='lat' dir='ltr'>urgente</span> <span class='ocrx_word' id='word_1_276' title='bbox 2498 3720 2818 3784; x_wconf 75' lang='lat' dir='ltr'>Heumann,</span> 
     </span>
     <span class='ocr_line' id='line_1_33' title="bbox 512 3809 2820 3877; baseline 0 -16"><span class='ocrx_word' id='word_1_277' title='bbox 512 3826 620 3877; x_wconf 75' lang='lat' dir='ltr'>pro</span> <span class='ocrx_word' id='word_1_278' title='bbox 658 3809 788 3861; x_wconf 89' lang='lat' dir='ltr'>noui</span> <span class='ocrx_word' id='word_1_279' title='bbox 829 3825 1135 3876; x_wconf 75' lang='lat' dir='ltr'>anonymus</span> <span class='ocrx_word' id='word_1_280' title='bbox 1162 3826 1221 3876; x_wconf 74' lang='lat' dir='ltr'>p.</span> <span class='ocrx_word' id='word_1_281' title='bbox 1269 3812 1344 3861; x_wconf 89' lang='lat'>55</span> <span class='ocrx_word' id='word_1_282' title='bbox 1382 3812 1510 3863; x_wconf 90' lang='lat' dir='ltr'>tunc</span> <span class='ocrx_word' id='word_1_283' title='bbox 1546 3811 1639 3863; x_wconf 81' lang='lat' dir='ltr'>uel</span> <span class='ocrx_word' id='word_1_284' title='bbox 1674 3827 1815 3864; x_wconf 88' lang='lat' dir='ltr'>nunc</span> <span class='ocrx_word' id='word_1_285' title='bbox 1999 3812 2027 3863; x_wconf 99' lang='lat'>7</span> <span class='ocrx_word' id='word_1_286' title='bbox 2068 3811 2383 3863; x_wconf 82' lang='lat' dir='ltr'>restiturum</span> <span class='ocrx_word' id='word_1_287' title='bbox 2429 3809 2486 3872; x_wconf 80' lang='lat' dir='ltr'>C,</span> <span class='ocrx_word' id='word_1_288' title='bbox 2526 3825 2666 3862; x_wconf 80' lang='lat' dir='ltr'>cor-r.</span> <span class='ocrx_word' id='word_1_289' title='bbox 2705 3809 2820 3862; x_wconf 82' lang='lat' dir='ltr'>Bal</span> 
     </span>
     <span class='ocr_line' id='line_1_34' title="bbox 522 3896 2817 3967; baseline -0 -16"><span class='ocrx_word' id='word_1_290' title='bbox 522 3898 554 3951; x_wconf 81' lang='lat'>8</span> <span class='ocrx_word' id='word_1_291' title='bbox 612 3897 794 3951; x_wconf 89' lang='lat' dir='ltr'>emisit</span> <span class='ocrx_word' id='word_1_292' title='bbox 837 3896 1108 3950; x_wconf 77' lang='lat' dir='ltr'>Heinsius</span> <span class='ocrx_word' id='word_1_293' title='bbox 1156 3903 1204 3950; x_wconf 82' lang='lat' dir='ltr'>et</span> <span class='ocrx_word' id='word_1_294' title='bbox 1254 3897 1358 3949; x_wconf 74' lang='lat' dir='ltr'>alii</span> <span class='ocrx_word' id='word_1_295' title='bbox 1541 3900 1606 3953; x_wconf 88' lang='lat'>10</span> <span class='ocrx_word' id='word_1_296' title='bbox 1662 3917 1751 3967; x_wconf 79' lang='lat' dir='ltr'>ap.</span> <span class='ocrx_word' id='word_1_297' title='bbox 1800 3899 2000 3952; x_wconf 86' lang='lat' dir='ltr'>Euseb.</span> <span class='ocrx_word' id='word_1_298' title='bbox 2047 3898 2124 3951; x_wconf 90' lang='lat' dir='ltr'>H.</span> <span class='ocrx_word' id='word_1_299' title='bbox 2164 3899 2233 3951; x_wconf 90' lang='lat' dir='ltr'>E.</span> <span class='ocrx_word' id='word_1_300' title='bbox 2285 3898 2446 3950; x_wconf 79' lang='lat' dir='ltr'>VIII</span> <span class='ocrx_word' id='word_1_301' title='bbox 2474 3901 2562 3963; x_wconf 87' lang='lat'>17,</span> <span class='ocrx_word' id='word_1_302' title='bbox 2605 3902 2642 3950; x_wconf 88' lang='lat'><strong><em>3</em></strong></span> <span class='ocrx_word' id='word_1_303' title='bbox 2680 3898 2817 3951; x_wconf 81' lang='lat' dir='ltr'>edic-</span> 
     </span>
     <span class='ocr_line' id='line_1_35' title="bbox 523 3984 2819 4051; baseline 0 -14"><span class='ocrx_word' id='word_1_304' title='bbox 523 3991 636 4038; x_wconf 77' lang='lat' dir='ltr'>tum</span> <span class='ocrx_word' id='word_1_305' title='bbox 688 3985 977 4038; x_wconf 76' lang='lat' dir='ltr'>inducitur</span> <span class='ocrx_word' id='word_1_306' title='bbox 1020 3984 1278 4051; x_wconf 83' lang='lat' dir='ltr'>formula</span> <span class='ocrx_word' id='word_1_307' title='bbox 1334 3987 1538 4040; x_wconf 83' lang='lat' dir='ltr'>salutis</span> <span class='ocrx_word' id='word_1_308' title='bbox 1594 3989 1904 4041; x_wconf 71' lang='lat' dir='ltr'>cont-incute</span> <span class='ocrx_word' id='word_1_309' title='bbox 1947 3989 2178 4041; x_wconf 75' lang='lat' dir='ltr'>uomina</span> <span class='ocrx_word' id='word_1_310' title='bbox 2234 3994 2284 4041; x_wconf 87' lang='lat' dir='ltr'>et</span> <span class='ocrx_word' id='word_1_311' title='bbox 2341 3987 2531 4040; x_wconf 80' lang='lat' dir='ltr'>titulos</span> <span class='ocrx_word' id='word_1_312' title='bbox 2587 3986 2819 4051; x_wconf 78' lang='lat' dir='ltr'>Galerii,</span> 
     </span>
     <span class='ocr_line' id='line_1_36' title="bbox 529 4073 2820 4147; baseline 0 -21"><span class='ocrx_word' id='word_1_313' title='bbox 529 4073 903 4139; x_wconf 72' lang='lat' dir='ltr'>Constantini,</span> <span class='ocrx_word' id='word_1_314' title='bbox 941 4073 1155 4126; x_wconf 76' lang='lat' dir='ltr'>Licinii</span> <span class='ocrx_word' id='word_1_315' title='bbox 1194 4091 1313 4127; x_wconf 86' lang='lat' dir='ltr'>cum</span> <span class='ocrx_word' id='word_1_316' title='bbox 1350 4076 1533 4128; x_wconf 78' lang='lat' dir='ltr'>uerbis</span> <span class='ocrx_word' id='word_1_317' title='bbox 1573 4074 1921 4146; x_wconf 80' lang='grc' dir='ltr'>ἐπαρχιώταις</span> <span class='ocrx_word' id='word_1_318' title='bbox 1960 4076 2105 4139; x_wconf 78' lang='grc' dir='ltr'>ἰδίοις</span> <span class='ocrx_word' id='word_1_319' title='bbox 2143 4075 2340 4147; x_wconf 81' lang='grc' dir='ltr'>χαίρειν</span> <span class='ocrx_word' id='word_1_320' title='bbox 2490 4076 2556 4128; x_wconf 89' lang='grc'>12</span> <span class='ocrx_word' id='word_1_321' title='bbox 2597 4080 2723 4128; x_wconf 88' lang='lat' dir='ltr'>ante</span> <span class='ocrx_word' id='word_1_322' title='bbox 2764 4091 2820 4127; x_wconf 89' lang='lat' dir='ltr'>ac</span> 
     </span>
     <span class='ocr_line' id='line_1_37' title="bbox 529 4160 2819 4233; baseline -0 -19"><span class='ocrx_word' id='word_1_323' title='bbox 529 4161 586 4227; x_wconf 81' lang='lat' dir='ltr'>C,</span> <span class='ocrx_word' id='word_1_324' title='bbox 628 4178 762 4215; x_wconf 85' lang='lat' dir='ltr'>corr.</span> <span class='ocrx_word' id='word_1_325' title='bbox 804 4161 922 4214; x_wconf 86' lang='lat' dir='ltr'>Bal</span> <span class='ocrx_word' id='word_1_326' title='bbox 1034 4164 1098 4216; x_wconf 82' lang='lat'>15</span> <span class='ocrx_word' id='word_1_327' title='bbox 1138 4166 1288 4216; x_wconf 86' lang='lat' dir='ltr'>secta</span> <span class='ocrx_word' id='word_1_328' title='bbox 1334 4163 1394 4229; x_wconf 87' lang='lat' dir='ltr'>C,</span> <span class='ocrx_word' id='word_1_329' title='bbox 1432 4180 1568 4217; x_wconf 84' lang='lat' dir='ltr'>corr.</span> <span class='ocrx_word' id='word_1_330' title='bbox 1608 4165 1725 4218; x_wconf 78' lang='lat' dir='ltr'>Bal</span> <span class='ocrx_word' id='word_1_331' title='bbox 1837 4165 1900 4217; x_wconf 90' lang='lat'>16</span> <span class='ocrx_word' id='word_1_332' title='bbox 1941 4165 2173 4233; x_wconf 87' lang='lat' dir='ltr'>quadam</span> <span class='ocrx_word' id='word_1_333' title='bbox 2202 4164 2436 4232; x_wconf 89' lang='lat' dir='ltr'>ratione]</span> <span class='ocrx_word' id='word_1_334' title='bbox 2469 4162 2566 4215; x_wconf 78' lang='grc' dir='ltr'>τινὶ</span> <span class='ocrx_word' id='word_1_335' title='bbox 2592 4160 2819 4233; x_wconf 72' lang='grc' dir='ltr'>λογισμῷ</span> 
     </span>
     <span class='ocr_line' id='line_1_38' title="bbox 521 4249 2817 4321; baseline 0 -18"><span class='ocrx_word' id='word_1_336' title='bbox 521 4251 722 4303; x_wconf 86' lang='lat' dir='ltr'>Euseb.</span> <span class='ocrx_word' id='word_1_337' title='bbox 760 4249 800 4320; x_wconf 64' lang='grc' dir='ltr'><em>ἕ</em></span> <span class='ocrx_word' id='word_1_338' title='bbox 844 4254 877 4303; x_wconf 85' lang='grc'><em>7</em></span> <span class='ocrx_word' id='word_1_339' title='bbox 990 4251 1052 4302; x_wconf 89' lang='lat'>17</span> <span class='ocrx_word' id='word_1_340' title='bbox 1093 4251 1368 4320; x_wconf 88' lang='lat' dir='ltr'>uoluntas]</span> <span class='ocrx_word' id='word_1_341' title='bbox 1411 4250 1683 4313; x_wconf 76' lang='grc' dir='ltr'>πλεονεξία</span> <span class='ocrx_word' id='word_1_342' title='bbox 1719 4252 1922 4306; x_wconf 83' lang='lat' dir='ltr'>Euseb.</span> <span class='ocrx_word' id='word_1_343' title='bbox 1955 4254 2019 4318; x_wconf 78' lang='lat' dir='ltr'>(i.</span> <span class='ocrx_word' id='word_1_344' title='bbox 2051 4269 2091 4305; x_wconf 84' lang='lat' dir='ltr'>e.</span> <span class='ocrx_word' id='word_1_345' title='bbox 2124 4252 2463 4321; x_wconf 85' lang='lat' dir='ltr'>adrogantia,</span> <span class='ocrx_word' id='word_1_346' title='bbox 2497 4250 2817 4318; x_wconf 80' lang='lat' dir='ltr'>obstinatio)</span> 
     </span>
     <span class='ocr_line' id='line_1_39' title="bbox 526 4337 2098 4409; baseline 0.002 -18"><span class='ocrx_word' id='word_1_347' title='bbox 526 4340 590 4391; x_wconf 86' lang='lat'>19</span> <span class='ocrx_word' id='word_1_348' title='bbox 628 4342 882 4407; x_wconf 84' lang='lat' dir='ltr'>parentes</span> <span class='ocrx_word' id='word_1_349' title='bbox 924 4339 1235 4407; x_wconf 88' lang='lat' dir='ltr'>eorundem]</span> <span class='ocrx_word' id='word_1_350' title='bbox 1275 4338 1363 4389; x_wconf 78' lang='grc' dir='ltr'>καὶ</span> <span class='ocrx_word' id='word_1_351' title='bbox 1399 4337 1446 4391; x_wconf 80' lang='grc' dir='ltr'>οἱ</span> <span class='ocrx_word' id='word_1_352' title='bbox 1481 4346 1650 4409; x_wconf 79' lang='grc' dir='ltr'>γονεῖς</span> <span class='ocrx_word' id='word_1_353' title='bbox 1691 4339 1859 4393; x_wconf 68' lang='grc' dir='ltr'>αὑτῶν</span> <span class='ocrx_word' id='word_1_354' title='bbox 1898 4342 2098 4395; x_wconf 85' lang='lat' dir='ltr'>Euseb.</span> 
     </span>
    </p>
   </div>
   <div class='ocr_carea' id='block_1_7' title="bbox 2846 1602 2897 1642">
    <p class='ocr_par' dir='ltr' id='par_1_9' title="bbox 2846 1602 2897 1642">
     <span class='ocr_line' id='line_1_40' title="bbox 2846 1602 2897 1642; baseline 0.059 -3"><span class='ocrx_word' id='word_1_355' title='bbox 2846 1602 2897 1642; x_wconf 88' lang='grc'>10</span> 
     </span>
    </p>
   </div>
   <div class='ocr_carea' id='block_1_8' title="bbox 2845 2133 2896 2172">
    <p class='ocr_par' dir='ltr' id='par_1_10' title="bbox 2845 2133 2896 2172">
     <span class='ocr_line' id='line_1_41' title="bbox 2845 2133 2896 2172; baseline -0.02 0"><span class='ocrx_word' id='word_1_356' title='bbox 2845 2133 2896 2172; x_wconf 87' lang='grc'>15</span> 
     </span>
    </p>
   </div>
   <div class='ocr_carea' id='block_1_9' title="bbox 3074 3788 3076 4493">
    <p class='ocr_par' dir='ltr' id='par_1_11' title="bbox 3074 3788 3076 4493">
     <span class='ocr_line' id='line_1_42' title="bbox 3074 3788 3076 4493; baseline 0 0"><span class='ocrx_word' id='word_1_357' title='bbox 3074 3788 3076 4493; x_wconf 95' lang='lat' dir='ltr'> </span> 
     </span>
    </p>
   </div>
  </div>
 </body>
</html>
