3132 5043
1069 469 1456 521 nominum
1515 474 1590 523 et
1645 488 1907 525 rerum.

368 658 487 721 205,
536 661 584 712 2.
637 660 750 713 eius
807 661 1114 725 crudelitas,
1154 662 1285 715 ibid.
1331 664 1446 725 196,
1468 648 1481 675 ”

373 749 634 811 14—199‚
703 751 788 804 25.
850 751 1078 804 maxime
1152 752 1208 803 in
1287 678 1480 831 censu!

366 838 692 906 peragendO,
730 839 862 893 ibid.
907 841 1023 903 198,
1060 842 1319 903 15-199,
1360 843 1444 897 25.
1476 836 1479 905 Ι

365 926 483 988 201,
535 927 620 981 28.
672 927 793 989 208,
835 929 1063 991 6—209‚
1107 930 1188 982 15.
1230 930 1286 981 in
1325 912 1479 997 per-f

363 1016 651 1084 sequendis
675 1015 1019 1081 Christianis,
1040 1018 1173 1072 ibid.
1210 1019 1326 1079 197,
1363 1021 1443 1073 10.
1476 1016 1477 1069 l

365 1106 480 1167 198,
527 1107 572 1158 1.
612 1108 729 1172 ipse
762 1108 882 1160 sine
919 1108 1086 1161 dubio
1127 1112 1267 1174 (non
1302 1074 1478 1177 Dio-l

361 1195 657 1263 cletianus)
716 1198 1124 1251 crudelissimus
1176 1199 1273 1252 ille
1316 1216 1477 1295 per-i

359 1292 573 1338 secutor
611 1293 702 1353 est,
743 1289 900 1341 cuius
940 1290 1004 1342 de
1046 1290 1293 1342 saeuitia
1328 1289 1445 1342 La-

361 1376 604 1428 ctantius
643 1377 778 1430 dicit
804 1376 831 1428 I
859 1378 982 1441 434,
1017 1379 1047 1428 4
1080 1395 1176 1441 ss.;
1218 1379 1285 1434 cf.
1316 1396 1445 1431 uera

363 1464 544 1517 bestia
590 1465 617 1517 I
663 1467 786 1529 434,
826 1468 875 1519 4.
916 1467 1097 1520 bestia
1133 1467 1189 1520 II
1225 1467 1283 1521 M
1325 1470 1443 1532 182,

363 1555 443 1607 18.
477 1555 601 1616 209,
631 1557 714 1610 22.
745 1556 887 1608 mala
925 1555 1118 1619 bestia,
1158 1558 1290 1611 ibid.
1321 1560 1442 1621 201,

362 1643 442 1695 11.
494 1644 658 1696 belua
696 1644 723 1696 1
759 1646 881 1708 434,
921 1645 978 1710 s;
1028 1646 1180 1699 Lact.
1221 1646 1356 1701 Inst.
1397 1630 1475 1753 vi

360 1733 443 1793 11,
499 1733 530 1784 6
586 1736 642 1785 81
691 1733 849 1786 Mort.
903 1737 989 1798 21,
1044 1737 1092 1789 6.
1150 1736 1229 1791 11.
1272 1768 1337 1775 -
1379 1737 1475 1801 de:

360 1838 569 1873 summa
608 1822 819 1891 imperii
857 1824 1093 1877 tenenda
1133 1829 1187 1878 et
1228 1825 1292 1878 de
1331 1806 1475 1925 Ami

358 1913 536 1980 gustis
605 1917 659 1965 et
724 1912 1043 1967 Caesaribus
1100 1916 1475 2027 nominandis!

360 2001 602 2063 consilia,
660 2002 791 2055 ibid.
851 2004 969 2061 195.
1033 2004 1258 2057 19—12.
1318 2006 1473 2068 201,1

362 2090 591 2143 20-24.
608 2092 1055 2159 quemadmodum
1077 2094 1297 2146 turbata
1314 2095 1439 2159 sint,
1470 2080 1473 2189 j

360 2179 491 2234 ibid.
546 2181 664 2242 195,
709 2181 790 2235 12.
831 2182 952 2243 200,
998 2183 1042 2236 1.
1083 2184 1205 2244 201,
1250 2184 1330 2237 18.
1373 2186 1473 2249 251

357 2284 425 2321 88.
483 2266 863 2322 Constantium
918 2275 1161 2324 euertere
1215 2254 1473 2387 cogitat*

354 2356 487 2414 ibid.
511 2359 631 2419 200,
655 2360 704 2411 3.
729 2376 865 2428 quae
894 2361 1039 2413 inter
1059 2362 1442 2415 Maximianum
1468 2394 1473 2421 .

356 2451 411 2499 et
459 2446 879 2501 Constantinum
930 2452 1086 2518 gesta
1134 2452 1260 2514 sint,
1308 2451 1438 2505 ibid.

353 2537 477 2599 200,
505 2538 731 2602 1—201,
755 2539 838 2591 25.
861 2556 928 2591 ne
947 2540 1205 2608 populum
1223 2540 1441 2609 quidem

354 2626 654 2679 Romanum
688 2645 717 2679 a
746 2627 995 2681 censibus
1025 2629 1299 2682 inmunem
1326 2631 1442 2682 fieri

354 2715 593 2779 uolebat,
651 2716 781 2769 ibid.
839 2718 959 2779 201,
1019 2718 1087 2771 28
1140 2735 1209 2773 ss,
1266 2675 1471 2784 castrai

1468 2609 1472 2642 l

352 2805 629 2871 praetoria
676 2806 988 2869 sustulerat,
1041 2805 1174 2860 ibid.
1228 2809 1349 2872 202,
1389 2810 1439 2861 4.

355 2893 617 2945 Seuerum
648 2897 835 2947 contra
853 2895 1185 2948 Maxentium
1213 2897 1441 2950 Romam

351 2982 507 3034 misit
558 2999 694 3050 quae
743 3000 827 3036 res
874 2974 1014 3037 male
1064 2986 1265 3048 euenit,
1306 2986 1436 3039 ibid.

355 3071 481 3130 202,
515 3072 744 3134 7—203,
774 3075 822 3126 4.
865 3073 1051 3127 audita
1088 3092 1219 3128 nece
1253 3075 1440 3128 Seueri

349 3160 568 3213 Italiam
582 3161 636 3213 111
644 3161 1125 3232 uaditRomamque
1139 3164 1339 3217 frustra
1350 3165 1439 3218 ad-

353 3251 626 3319 greditur:
650 3269 681 3304 a
701 3252 969 3306 militibus
991 3270 1163 3322 paene
1194 3253 1440 3307 desertus

354 3339 571 3408 fugiens
610 3341 677 3393 iis
717 3341 934 3394 Italiam
982 3341 1295 3396 foedissime
1344 3362 1438 3397 ua-

352 3429 605 3482 standam
645 3431 916 3499 permittit
980 3431 1036 3483 in
1094 3448 1325 3501 suasque
1383 3451 1438 3486 se

357 3518 514 3572 sedes
553 3519 765 3588 recipit,
803 3519 934 3573 ibid.
975 3521 1099 3586 203,
1127 3523 1282 3574 6-9.
1316 3523 1437 3584 204,

359 3608 587 3670 1-205,
611 3610 660 3661 2.
693 3608 761 3661 3(1
792 3625 912 3660 811111
947 3611 1037 3673 (sc.
1066 3609 1439 3680 Carnuntum)

351 3696 710 3750 Maximianus
768 3697 1099 3763 (Herculius)
1153 3699 1324 3761 uenit,
1379 3701 1439 3751 ut

1466 3239 1471 3272 ἔ

2532 481 2657 545 327

1582 664 1915 732 agendorum
1981 672 2229 736 sumptus
2304 670 2660 723 intolerandis

1578 755 1946 808 exactionibus
2006 757 2293 820 efficiebat,
2347 758 2477 812 ibid.
2535 761 2656 823 208,

1577 844 1808 907 6-209,
1867 845 1947 898 15.
2003 862 2058 897 88
2114 846 2491 915 Liciniumque
2547 848 2657 901 Au-

1577 938 1765 1001 gustos
1842 935 2097 1003 appellat,
2173 936 2525 989 Maximinum
2603 943 2659 991 et

1578 1020 1990 1075 Constantinum
2067 1023 2204 1077 filios
2269 1025 2656 1094 Augustorum,

1575 1114 1767 1178 postea
1809 1112 2090 1165 uniuersos
2132 1116 2390 1180 quattuor
2425 1115 2656 1184 impera-

1574 1206 1719 1252 tores
1784 1200 1938 1253 iubet
2001 1203 2284 1265 nominari,
2344 1204 2474 1259 ibid.
2534 1204 2654 1268 209,

1578 1290 1838 1353 16-210,
1889 1293 1938 1344 6.
1988 1290 2254 1343 decimum
2304 1297 2357 1345 et
2406 1297 2657 1346 octauum

1575 1395 1776 1430 annum
1831 1382 1924 1445 (sc.
1979 1380 2213 1448 imperii)
2270 1398 2437 1450 agens
2488 1400 2519 1435 a
2557 1381 2655 1435 deo

1576 1466 1664 1530 (cf.
1706 1467 1825 1532 208,
1866 1470 1920 1533 6)
1967 1468 2258 1522 insanabili
2309 1473 2473 1539 plaga
2530 1487 2653 1538 per-

1574 1572 1786 1609 cussus:
1855 1558 1947 1624 qui
2021 1558 2239 1611 morbus
2314 1559 2653 1625 describitur,

1572 1645 1703 1698 ibid.
1746 1647 1865 1709 210,
1904 1648 2132 1709 7—212,
2163 1650 2211 1701 5.
2252 1648 2470 1700 tandem
2496 1650 2655 1702 malis

1575 1734 1811 1788 domitus
1852 1735 2010 1789 deum
2051 1738 2268 1790 coactus
2300 1740 2384 1790 est
2412 1737 2654 1792 confiteri

1574 1828 1628 1877 et
1658 1824 1896 1879 edictum
1927 1826 2107 1878 emisit
2139 1831 2266 1895 (quo
2299 1828 2655 1881 constituitur

1528 1955 1532 1959 .
1571 1917 1633 1966 ut
1663 1912 1959 1968 Christiani
1998 1915 2174 1968 denuo
2216 1916 2324 1968 sint
2356 1915 2652 1969 Christiani

1572 2006 1626 2057 et
1692 2005 2071 2057 conuenticula
2146 2022 2244 2057 sua
2308 2006 2654 2075 componant)

1569 2092 1701 2146 ibid.
1752 2094 1874 2154 212,
1925 2095 2082 2146 5—9.
2131 2094 2278 2162 (213,
2329 2094 2435 2162 14).
2474 2094 2654 2163 ipsum

1570 2180 1707 2234 illud
1758 2182 2012 2245 edictum,
2052 2182 2184 2235 ibid.
2225 2184 2347 2246 212,
2390 2183 2650 2246 10—213,

1571 2273 1656 2323 22.
1697 2273 2035 2341 propositum
2072 2272 2426 2325 Nicomediae
2476 2271 2649 2340 pridie

1568 2360 1845 2413 Kalendas
1874 2360 2045 2413 Maias
2085 2362 2203 2429 ipso
2246 2361 2413 2413 octies
2454 2364 2510 2414 et
2537 2362 2649 2414 Ma-

1568 2449 1770 2501 ximino
1845 2450 2040 2502 iterum
2115 2449 2443 2513 consulibuS,
2516 2450 2648 2502 ibid.

1569 2541 1690 2603 214,
1735 2541 1759 2592 1
1804 2557 1844 2594 8.
1883 2540 1985 2592 1108
2025 2538 2203 2592 edicto
2240 2539 2490 2593 Donatus
2530 2557 2649 2592 cum

1571 2629 1762 2681 ceteris
1839 2628 2236 2682 confessoribus
2304 2644 2332 2680 e
2405 2628 2649 2681 custodia

1565 2718 1846 2780 liberatuS,
1898 2717 2027 2770 ibid.
2081 2719 2202 2781 214,
2258 2718 2305 2771 3.
2354 2721 2480 2787 post
2515 2734 2650 2786 pau-

1570 2824 1657 2860 cos
1759 2807 1873 2859 dies
1970 2807 2355 2860 commendatis
2437 2807 2647 2859 Licinio

1570 2897 1798 2965 coniuge
1875 2913 1972 2949 sua
2053 2899 2109 2950 et
2196 2896 2308 2949 filio
2387 2895 2659 2949 horrenda

1568 2985 1697 3038 tabe
1748 2987 2099 3053 consumptus
2151 2989 2249 3048 est,
2301 3002 2420 3038 cum
2471 2985 2656 3038 futura

1568 3077 1752 3126 essent
1788 3075 2097 3127 uicennalia
2134 3073 2394 3127 Kalendis
2442 3074 2654 3127 Martiis

1568 3162 2030 3231 impendentibuS,
2087 3161 2225 3216 ibid.
2277 3163 2397 3226 214,
2455 3162 2649 3214 6-10.

1566 3255 1695 3320 post
1726 3251 1841 3304 eius
1871 3254 2100 3303 mortem
2131 3251 2347 3303 Valeria
2377 3268 2509 3303 uxor
2537 3251 2651 3303 eius

1568 3339 1638 3393 ad
1692 3340 2044 3393 Maximinum
2111 3357 2167 3392 se
2234 3339 2459 3401 confert,
2516 3339 2647 3394 ibid.

1568 3430 1690 3492 219,
1731 3433 1778 3483 6.
1819 3429 2037 3482 Valeria
2084 3432 2140 3481 et
2183 3429 2392 3482 Licinio
2442 3431 2498 3480 et
2532 3429 2650 3481 Ma-

1565 3519 1768 3571 ximino
1808 3520 2109 3587 negauerat
2146 3534 2202 3570 se
2241 3518 2297 3569 in
2336 3517 2649 3569 Maximiani

1565 3609 1708 3662 bona
1729 3607 2054 3662 hereditatis
2087 3609 2202 3660 iure
2227 3623 2343 3661 esse
2362 3623 2647 3669 cessuram,

1564 3697 1696 3751 ibid.
1739 3699 1860 3760 235,
1907 3698 1989 3749 16.

355 3802 471 3838 811111
504 3802 601 3853 per
621 3786 956 3839 occasionem
979 3788 1437 3840 reconciliationis
1493 3787 1851 3839 Maximianus
1891 3786 1984 3854 qui
2024 3787 2107 3838 est
2148 3784 2321 3837 dictus
2360 3785 2646 3837 Herculius

350 3875 626 3928 occideret
672 3892 1006 3945 regnumque
1056 3877 1170 3929 eius
1208 3880 1434 3940 teneret,

346 3963 481 4017 ibid.
535 3965 659 4026 205,
700 3965 965 4027 23—206,
1019 3966 1066 4018 3.
1122 3964 1311 4019 aderat
1361 3967 1433 4019 ibi

344 4053 585 4116 DiocleS,
636 4070 796 4121 quem
845 4071 1010 4122 gener
1061 4055 1436 4119 (Maximianus

345 4141 618 4207 Galerius)
681 4142 963 4205 accinerat,
1024 4145 1086 4195 ut
1152 4143 1434 4212 imperium

345 4231 560 4284 Licinio
621 4231 793 4294 daret,
855 4231 988 4284 ibid.
1047 4232 1169 4295 206,
1209 4233 1363 4286 3-5.
1406 4249 1436 4284 3

345 4319 678 4372 Maximiano
703 4319 944 4372 Licinius
965 4320 1253 4372 Maximino
1283 4337 1433 4388 prae-

347 4408 518 4472 131118,
570 4407 704 4460 ibid.
759 4409 879 4471 222,
937 4409 1017 4461 11.
1070 4408 1434 4461 11188111131111111

1563 3875 1619 3927 II
1658 3875 1715 3926 M
1757 3874 1876 3940 181,
1922 3875 2000 3926 17.
2067 3873 2426 3925 Maximianus
2494 3873 2646 3937 alter,

1561 3963 1694 4016 ibid.
1753 3963 1871 4026 205,
1940 3965 1988 4017 6.
2056 3979 2216 4015 senex
2270 3961 2646 4024 MaximianuS,

1560 4052 1691 4105 ibid.
1744 4053 1863 4115 189,
1910 4053 1960 4105 4.
2014 4052 2132 4114 192,
2182 4054 2231 4106 5.
2275 4051 2392 4113 193,
2434 4053 2481 4104 9.
2522 4051 2645 4115 206,

1564 4143 1611 4195 6.
1652 4142 1774 4204 221,
1807 4142 1888 4195 16.
1926 4141 2230 4205 Herculius,
2269 4139 2400 4193 ibid.
2441 4140 2562 4204 203,
2594 4142 2643 4194 6.

1563 4231 1731 4283 frater
1780 4230 2130 4293 Diocletiani,
2187 4229 2318 4283 ibid.
2380 4230 2498 4291 181,
2560 4231 2642 4282 17.

1561 4320 1911 4372 Diocletiano
1949 4319 2108 4372 fidem
2143 4336 2350 4372 summa
2378 4319 2643 4387 religione

1562 4407 1893 4478 praestabat,
1925 4408 2056 4461 ibid.
2092 4410 2209 4471 194,
2245 4410 2326 4463 11.
2360 4409 2473 4461 eius
2500 4408 2644 4460 filius
