<?xml version="1.0" encoding="UTF-8"?>
<!DOCTYPE html PUBLIC "-//W3C//DTD XHTML 1.0 Transitional//EN"
    "http://www.w3.org/TR/xhtml1/DTD/xhtml1-transitional.dtd">
<html xmlns="http://www.w3.org/1999/xhtml" xml:lang="en" lang="en">
 <head>
  <title>
</title>
<meta http-equiv="Content-Type" content="text/html;charset=utf-8" />
  <meta name='ocr-system' content='tesseract 3.04.00' />
  <meta name='ocr-capabilities' content='ocr_page ocr_carea ocr_par ocr_line ocrx_word'/>
</head>
<body>
  <div class='ocr_page' id='page_1' title='image "./corpusscriptoru30wissgoog_0055.png"; bbox 0 0 3132 5043; ppageno 0'>
   <div class='ocr_carea' id='block_1_1' title="bbox 200 1594 248 1632">
    <p class='ocr_par' dir='ltr' id='par_1_1' title="bbox 200 1594 248 1632">
     <span class='ocr_line' id='line_1_1' title="bbox 200 1594 248 1632; baseline 0.042 -2"><span class='ocrx_word' id='word_1_1' title='bbox 200 1594 248 1632; x_wconf 87' lang='lat'>10</span> 
     </span>
    </p>
   </div>
   <div class='ocr_carea' id='block_1_2' title="bbox 200 2128 246 2166">
    <p class='ocr_par' dir='ltr' id='par_1_2' title="bbox 200 2128 246 2166">
     <span class='ocr_line' id='line_1_2' title="bbox 200 2128 246 2166; baseline 0 0"><span class='ocrx_word' id='word_1_2' title='bbox 200 2128 246 2166; x_wconf 88' lang='lat'>15</span> 
     </span>
    </p>
   </div>
   <div class='ocr_carea' id='block_1_3' title="bbox 198 2663 246 2703">
    <p class='ocr_par' dir='ltr' id='par_1_3' title="bbox 198 2663 246 2703">
     <span class='ocr_line' id='line_1_3' title="bbox 198 2663 246 2703; baseline 0.063 -3"><span class='ocrx_word' id='word_1_3' title='bbox 198 2663 246 2703; x_wconf 81' lang='lat'>20</span> 
     </span>
    </p>
   </div>
   <div class='ocr_carea' id='block_1_4' title="bbox 1222 417 2602 485">
    <p class='ocr_par' dir='ltr' id='par_1_4' title="bbox 1222 417 2602 485">
     <span class='ocr_line' id='line_1_4' title="bbox 1222 417 2602 485; baseline 0.001 -17"><span class='ocrx_word' id='word_1_4' title='bbox 1222 417 1429 469; x_wconf 89' lang='lat' dir='ltr'>liber</span> <span class='ocrx_word' id='word_1_5' title='bbox 1467 433 1509 469; x_wconf 88' lang='lat' dir='ltr'>c.</span> <span class='ocrx_word' id='word_1_6' title='bbox 1550 417 1603 471; x_wconf 82' lang='lat'>8.</span> <span class='ocrx_word' id='word_1_7' title='bbox 1644 418 1691 470; x_wconf 86' lang='lat'>9.</span> <span class='ocrx_word' id='word_1_8' title='bbox 2477 424 2602 485; x_wconf 81' lang='lat'>183</span> 
     </span>
    </p>
   </div>
   <div class='ocr_carea' id='block_1_5' title="bbox 279 610 2708 3146">
    <p class='ocr_par' dir='ltr' id='par_1_5' title="bbox 279 610 2708 3146">
     <span class='ocr_line' id='line_1_5' title="bbox 291 610 2600 697; baseline 0.003 -24"><span class='ocrx_word' id='word_1_9' title='bbox 291 610 550 687; x_wconf 90' lang='lat' dir='ltr'>mirum,</span> <span class='ocrx_word' id='word_1_10' title='bbox 612 629 755 673; x_wconf 88' lang='lat' dir='ltr'>cum</span> <span class='ocrx_word' id='word_1_11' title='bbox 811 615 1012 675; x_wconf 88' lang='lat' dir='ltr'>mater</span> <span class='ocrx_word' id='word_1_12' title='bbox 1069 612 1205 675; x_wconf 90' lang='lat' dir='ltr'>eius</span> <span class='ocrx_word' id='word_1_13' title='bbox 1263 612 1821 676; x_wconf 88' lang='lat' dir='ltr'>Transdanuuiana</span> <span class='ocrx_word' id='word_1_14' title='bbox 1879 614 2329 677; x_wconf 87' lang='lat' dir='ltr'>infestantibus</span> <span class='ocrx_word' id='word_1_15' title='bbox 2382 614 2600 697; x_wconf 81' lang='lat' dir='ltr'>Carpis</span> 
     </span>
     <span class='ocr_line' id='line_1_6' title="bbox 291 717 2708 803; baseline 0 -24"><span class='ocrx_word' id='word_1_16' title='bbox 291 718 358 779; x_wconf 89' lang='lat' dir='ltr'>in</span> <span class='ocrx_word' id='word_1_17' title='bbox 423 717 692 781; x_wconf 81' lang='lat' dir='ltr'>Daciam</span> <span class='ocrx_word' id='word_1_18' title='bbox 755 737 987 781; x_wconf 87' lang='lat' dir='ltr'>nouam</span> <span class='ocrx_word' id='word_1_19' title='bbox 1051 719 1392 782; x_wconf 87' lang='lat' dir='ltr'>transiecto</span> <span class='ocrx_word' id='word_1_20' title='bbox 1462 738 1641 782; x_wconf 87' lang='lat' dir='ltr'>amne</span> <span class='ocrx_word' id='word_1_21' title='bbox 1710 720 2098 803; x_wconf 74' lang='lat' dir='ltr'>confugerat.</span> <span class='ocrx_word' id='word_1_22' title='bbox 2214 725 2347 785; x_wconf 90' lang='lat' dir='ltr'>erat</span> <span class='ocrx_word' id='word_1_23' title='bbox 2411 723 2602 786; x_wconf 90' lang='lat' dir='ltr'>etiam</span> <span class='ocrx_word' id='word_1_24' title='bbox 2676 727 2708 779; x_wconf 86' lang='lat'><strong>3</strong></span> 
     </span>
     <span class='ocr_line' id='line_1_7' title="bbox 292 825 2599 912; baseline 0.003 -26"><span class='ocrx_word' id='word_1_25' title='bbox 292 841 526 905; x_wconf 86' lang='lat' dir='ltr'>corpus</span> <span class='ocrx_word' id='word_1_26' title='bbox 595 825 877 888; x_wconf 89' lang='lat' dir='ltr'>moribus</span> <span class='ocrx_word' id='word_1_27' title='bbox 947 844 1318 907; x_wconf 82' lang='lat' dir='ltr'>congruens,</span> <span class='ocrx_word' id='word_1_28' title='bbox 1373 829 1580 889; x_wconf 89' lang='lat' dir='ltr'>status</span> <span class='ocrx_word' id='word_1_29' title='bbox 1650 828 1883 903; x_wconf 91' lang='lat' dir='ltr'>celsus,</span> <span class='ocrx_word' id='word_1_30' title='bbox 1935 846 2075 892; x_wconf 87' lang='lat' dir='ltr'>caro</span> <span class='ocrx_word' id='word_1_31' title='bbox 2141 828 2361 912; x_wconf 90' lang='lat' dir='ltr'>ingens</span> <span class='ocrx_word' id='word_1_32' title='bbox 2421 831 2485 893; x_wconf 90' lang='lat' dir='ltr'>et</span> <span class='ocrx_word' id='word_1_33' title='bbox 2537 829 2599 892; x_wconf 90' lang='lat' dir='ltr'>in</span> 
     </span>
     <span class='ocr_line' id='line_1_8' title="bbox 291 930 2706 1016; baseline 0.003 -24"><span class='ocrx_word' id='word_1_34' title='bbox 291 930 673 994; x_wconf 82' lang='lat' dir='ltr'>horrendam</span> <span class='ocrx_word' id='word_1_35' title='bbox 719 931 1227 1014; x_wconf 77' lang='lat' dir='ltr'>magnitudinem</span> <span class='ocrx_word' id='word_1_36' title='bbox 1277 932 1509 996; x_wconf 86' lang='lat' dir='ltr'>diffusa</span> <span class='ocrx_word' id='word_1_37' title='bbox 1546 937 1610 997; x_wconf 91' lang='lat' dir='ltr'>et</span> <span class='ocrx_word' id='word_1_38' title='bbox 1648 933 1881 998; x_wconf 89' lang='lat' dir='ltr'>inflata.</span> <span class='ocrx_word' id='word_1_39' title='bbox 1979 934 2245 1016; x_wconf 90' lang='lat' dir='ltr'>denique</span> <span class='ocrx_word' id='word_1_40' title='bbox 2286 938 2348 999; x_wconf 90' lang='lat' dir='ltr'>et</span> <span class='ocrx_word' id='word_1_41' title='bbox 2386 936 2598 999; x_wconf 89' lang='lat' dir='ltr'>uerbis</span> <span class='ocrx_word' id='word_1_42' title='bbox 2671 941 2706 992; x_wconf 86' lang='lat'><strong>4</strong></span> 
     </span>
     <span class='ocr_line' id='line_1_9' title="bbox 293 1036 2704 1126; baseline 0.002 -29"><span class='ocrx_word' id='word_1_43' title='bbox 293 1040 358 1098; x_wconf 91' lang='lat' dir='ltr'>et</span> <span class='ocrx_word' id='word_1_44' title='bbox 406 1036 657 1100; x_wconf 89' lang='lat' dir='ltr'>actibus</span> <span class='ocrx_word' id='word_1_45' title='bbox 709 1040 772 1101; x_wconf 91' lang='lat' dir='ltr'>et</span> <span class='ocrx_word' id='word_1_46' title='bbox 819 1040 1085 1119; x_wconf 87' lang='lat' dir='ltr'>aspectu</span> <span class='ocrx_word' id='word_1_47' title='bbox 1123 1039 1345 1102; x_wconf 89' lang='lat' dir='ltr'>terrori</span> <span class='ocrx_word' id='word_1_48' title='bbox 1388 1040 1681 1102; x_wconf 87' lang='lat' dir='ltr'>omnibus</span> <span class='ocrx_word' id='word_1_49' title='bbox 1723 1060 1793 1103; x_wconf 90' lang='lat' dir='ltr'>ac</span> <span class='ocrx_word' id='word_1_50' title='bbox 1830 1041 2151 1104; x_wconf 82' lang='lat' dir='ltr'>formidini</span> <span class='ocrx_word' id='word_1_51' title='bbox 2190 1041 2332 1105; x_wconf 90' lang='lat' dir='ltr'>fuit.</span> <span class='ocrx_word' id='word_1_52' title='bbox 2370 1039 2375 1126; x_wconf 82' lang='grc' dir='ltr'>Ι</span> <span class='ocrx_word' id='word_1_53' title='bbox 2422 1061 2600 1106; x_wconf 90' lang='lat' dir='ltr'>socer</span> <span class='ocrx_word' id='word_1_54' title='bbox 2617 1072 2642 1104; x_wconf 74' lang='lat' dir='ltr'>f.</span> <span class='ocrx_word' id='word_1_55' title='bbox 2658 1072 2704 1104; x_wconf 64' lang='lat' dir='ltr'>ab</span> 
     </span>
     <span class='ocr_line' id='line_1_10' title="bbox 289 1144 2595 1224; baseline 0.004 -19"><span class='ocrx_word' id='word_1_56' title='bbox 289 1162 546 1224; x_wconf 91' lang='lat' dir='ltr'>quoque</span> <span class='ocrx_word' id='word_1_57' title='bbox 588 1163 731 1206; x_wconf 90' lang='lat' dir='ltr'>eum</span> <span class='ocrx_word' id='word_1_58' title='bbox 771 1144 1100 1208; x_wconf 75' lang='lat' dir='ltr'>metuebat</span> <span class='ocrx_word' id='word_1_59' title='bbox 1137 1146 1467 1209; x_wconf 87' lang='lat' dir='ltr'>acerrime:</span> <span class='ocrx_word' id='word_1_60' title='bbox 1518 1146 1702 1210; x_wconf 91' lang='lat' dir='ltr'>cuius</span> <span class='ocrx_word' id='word_1_61' title='bbox 1744 1148 1991 1210; x_wconf 89' lang='lat' dir='ltr'>timoris</span> <span class='ocrx_word' id='word_1_62' title='bbox 2031 1148 2183 1211; x_wconf 89' lang='lat' dir='ltr'>haec</span> <span class='ocrx_word' id='word_1_63' title='bbox 2221 1148 2345 1212; x_wconf 88' lang='lat' dir='ltr'>fuit</span> <span class='ocrx_word' id='word_1_64' title='bbox 2385 1167 2595 1214; x_wconf 86' lang='lat' dir='ltr'>causa.</span> 
     </span>
     <span class='ocr_line' id='line_1_11' title="bbox 285 1249 2701 1335; baseline 0.001 -23"><span class='ocrx_word' id='word_1_65' title='bbox 285 1250 575 1313; x_wconf 82' lang='lat' dir='ltr'>Narseus</span> <span class='ocrx_word' id='word_1_66' title='bbox 626 1269 728 1312; x_wconf 83' lang='lat' dir='ltr'>rex</span> <span class='ocrx_word' id='word_1_67' title='bbox 775 1249 1113 1313; x_wconf 87' lang='lat' dir='ltr'>Persarum</span> <span class='ocrx_word' id='word_1_68' title='bbox 1162 1251 1520 1315; x_wconf 89' lang='lat' dir='ltr'>concitatus</span> <span class='ocrx_word' id='word_1_69' title='bbox 1573 1251 1939 1316; x_wconf 86' lang='lat' dir='ltr'>domesticis</span> <span class='ocrx_word' id='word_1_70' title='bbox 1991 1253 2288 1335; x_wconf 85' lang='lat' dir='ltr'>exemplis</span> <span class='ocrx_word' id='word_1_71' title='bbox 2340 1255 2452 1317; x_wconf 91' lang='lat' dir='ltr'>aui-</span> <span class='ocrx_word' id='word_1_72' title='bbox 2497 1256 2596 1318; x_wconf 91' lang='lat' dir='ltr'>sui</span> <span class='ocrx_word' id='word_1_73' title='bbox 2671 1265 2701 1315; x_wconf 81' lang='grc'>5</span> 
     </span>
     <span class='ocr_line' id='line_1_12' title="bbox 288 1355 2592 1441; baseline 0.002 -21"><span class='ocrx_word' id='word_1_74' title='bbox 288 1355 553 1438; x_wconf 89' lang='lat' dir='ltr'>Saporis</span> <span class='ocrx_word' id='word_1_75' title='bbox 605 1356 683 1419; x_wconf 89' lang='lat' dir='ltr'>ad</span> <span class='ocrx_word' id='word_1_76' title='bbox 730 1356 1170 1438; x_wconf 86' lang='lat' dir='ltr'>occupandum</span> <span class='ocrx_word' id='word_1_77' title='bbox 1214 1356 1536 1421; x_wconf 89' lang='lat' dir='ltr'>Orientem</span> <span class='ocrx_word' id='word_1_78' title='bbox 1578 1377 1721 1420; x_wconf 88' lang='lat' dir='ltr'>cum</span> <span class='ocrx_word' id='word_1_79' title='bbox 1759 1359 2009 1441; x_wconf 88' lang='lat' dir='ltr'>magnis</span> <span class='ocrx_word' id='word_1_80' title='bbox 2051 1361 2250 1441; x_wconf 89' lang='lat' dir='ltr'>copiis</span> <span class='ocrx_word' id='word_1_81' title='bbox 2291 1360 2592 1427; x_wconf 85' lang='lat' dir='ltr'>inhiabat.</span> 
     </span>
     <span class='ocr_line' id='line_1_13' title="bbox 285 1463 2698 1540; baseline 0.001 -15"><span class='ocrx_word' id='word_1_82' title='bbox 285 1466 442 1526; x_wconf 91' lang='lat' dir='ltr'>tunc</span> <span class='ocrx_word' id='word_1_83' title='bbox 502 1463 963 1540; x_wconf 75' lang='lat' dir='ltr'>DiocletianUS,</span> <span class='ocrx_word' id='word_1_84' title='bbox 1013 1467 1085 1526; x_wconf 92' lang='lat' dir='ltr'>ut</span> <span class='ocrx_word' id='word_1_85' title='bbox 1141 1468 1273 1527; x_wconf 87' lang='lat' dir='ltr'>erat</span> <span class='ocrx_word' id='word_1_86' title='bbox 1327 1465 1388 1527; x_wconf 91' lang='lat' dir='ltr'>in</span> <span class='ocrx_word' id='word_1_87' title='bbox 1449 1466 1619 1529; x_wconf 87' lang='lat' dir='ltr'>omni</span> <span class='ocrx_word' id='word_1_88' title='bbox 1666 1465 1952 1528; x_wconf 90' lang='lat' dir='ltr'>tumultu</span> <span class='ocrx_word' id='word_1_89' title='bbox 2001 1466 2419 1530; x_wconf 87' lang='lat' dir='ltr'>meticulosus</span> <span class='ocrx_word' id='word_1_90' title='bbox 2468 1468 2592 1530; x_wconf 88' lang='lat' dir='ltr'>ani-</span> <span class='ocrx_word' id='word_1_91' title='bbox 2669 1476 2698 1527; x_wconf 83' lang='grc'><strong>6</strong></span> 
     </span>
     <span class='ocr_line' id='line_1_14' title="bbox 286 1570 2590 1652; baseline 0.002 -20"><span class='ocrx_word' id='word_1_92' title='bbox 286 1571 508 1651; x_wconf 87' lang='lat' dir='ltr'>mique</span> <span class='ocrx_word' id='word_1_93' title='bbox 576 1570 882 1644; x_wconf 78' lang='lat' dir='ltr'>deiectuS,</span> <span class='ocrx_word' id='word_1_94' title='bbox 954 1571 1147 1633; x_wconf 89' lang='lat' dir='ltr'>simul</span> <span class='ocrx_word' id='word_1_95' title='bbox 1215 1574 1277 1634; x_wconf 90' lang='lat' dir='ltr'>et</span> <span class='ocrx_word' id='word_1_96' title='bbox 1345 1571 1701 1652; x_wconf 82' lang='lat' dir='ltr'>exemplum</span> <span class='ocrx_word' id='word_1_97' title='bbox 1769 1571 2086 1635; x_wconf 88' lang='lat' dir='ltr'>Valeriani</span> <span class='ocrx_word' id='word_1_98' title='bbox 2151 1572 2405 1648; x_wconf 77' lang='lat' dir='ltr'>timenS,</span> <span class='ocrx_word' id='word_1_99' title='bbox 2473 1593 2590 1637; x_wconf 89' lang='lat' dir='ltr'>non</span> 
     </span>
     <span class='ocr_line' id='line_1_15' title="bbox 285 1677 2590 1761; baseline 0.002 -22"><span class='ocrx_word' id='word_1_100' title='bbox 285 1696 488 1740; x_wconf 86' lang='lat' dir='ltr'>ausus</span> <span class='ocrx_word' id='word_1_101' title='bbox 539 1681 638 1740; x_wconf 90' lang='lat' dir='ltr'>est</span> <span class='ocrx_word' id='word_1_102' title='bbox 687 1677 942 1740; x_wconf 87' lang='lat' dir='ltr'>obuiam</span> <span class='ocrx_word' id='word_1_103' title='bbox 990 1678 1268 1757; x_wconf 87' lang='lat' dir='ltr'>tendere,</span> <span class='ocrx_word' id='word_1_104' title='bbox 1320 1678 1431 1741; x_wconf 89' lang='lat' dir='ltr'>sed</span> <span class='ocrx_word' id='word_1_105' title='bbox 1479 1679 1648 1741; x_wconf 89' lang='lat' dir='ltr'>hunc</span> <span class='ocrx_word' id='word_1_106' title='bbox 1687 1698 1799 1759; x_wconf 90' lang='lat' dir='ltr'>per</span> <span class='ocrx_word' id='word_1_107' title='bbox 1836 1679 2198 1741; x_wconf 86' lang='lat' dir='ltr'>Armeniam</span> <span class='ocrx_word' id='word_1_108' title='bbox 2238 1680 2418 1743; x_wconf 88' lang='lat' dir='ltr'>misit</span> <span class='ocrx_word' id='word_1_109' title='bbox 2454 1681 2590 1761; x_wconf 91' lang='lat' dir='ltr'>ipse</span> 
     </span>
     <span class='ocr_line' id='line_1_16' title="bbox 283 1783 2688 1867; baseline 0.002 -21"><span class='ocrx_word' id='word_1_110' title='bbox 283 1785 345 1846; x_wconf 91' lang='lat' dir='ltr'>in</span> <span class='ocrx_word' id='word_1_111' title='bbox 403 1783 661 1847; x_wconf 88' lang='lat' dir='ltr'>Oriente</span> <span class='ocrx_word' id='word_1_112' title='bbox 711 1784 1069 1848; x_wconf 87' lang='lat' dir='ltr'>subsistens</span> <span class='ocrx_word' id='word_1_113' title='bbox 1121 1788 1183 1847; x_wconf 89' lang='lat' dir='ltr'>et</span> <span class='ocrx_word' id='word_1_114' title='bbox 1230 1803 1552 1867; x_wconf 88' lang='lat' dir='ltr'>aucupans</span> <span class='ocrx_word' id='word_1_115' title='bbox 1605 1785 1808 1849; x_wconf 83' lang='lat' dir='ltr'>exitus</span> <span class='ocrx_word' id='word_1_116' title='bbox 1857 1805 2084 1849; x_wconf 90' lang='lat' dir='ltr'>rerum.</span> <span class='ocrx_word' id='word_1_117' title='bbox 2188 1786 2295 1849; x_wconf 91' lang='lat' dir='ltr'>ille</span> <span class='ocrx_word' id='word_1_118' title='bbox 2344 1786 2590 1850; x_wconf 88' lang='lat' dir='ltr'>insidiis</span> <span class='ocrx_word' id='word_1_119' title='bbox 2676 1806 2688 1839; x_wconf 65' lang='grc' dir='ltr'><strong><em>ι</em></strong></span> 
     </span>
     <span class='ocr_line' id='line_1_17' title="bbox 285 1891 2591 1973; baseline 0.001 -21"><span class='ocrx_word' id='word_1_120' title='bbox 285 1910 446 1955; x_wconf 89' lang='lat' dir='ltr'>usus</span> <span class='ocrx_word' id='word_1_121' title='bbox 504 1891 826 1969; x_wconf 89' lang='lat' dir='ltr'>barbaros,</span> <span class='ocrx_word' id='word_1_122' title='bbox 877 1892 1107 1973; x_wconf 89' lang='lat' dir='ltr'>quibus</span> <span class='ocrx_word' id='word_1_123' title='bbox 1164 1911 1303 1955; x_wconf 90' lang='lat' dir='ltr'>mos</span> <span class='ocrx_word' id='word_1_124' title='bbox 1363 1895 1459 1955; x_wconf 89' lang='lat' dir='ltr'>est</span> <span class='ocrx_word' id='word_1_125' title='bbox 1507 1911 1648 1955; x_wconf 91' lang='lat' dir='ltr'>cum</span> <span class='ocrx_word' id='word_1_126' title='bbox 1699 1893 1992 1955; x_wconf 87' lang='lat' dir='ltr'>omnibus</span> <span class='ocrx_word' id='word_1_127' title='bbox 2044 1893 2176 1956; x_wconf 90' lang='lat' dir='ltr'>suis</span> <span class='ocrx_word' id='word_1_128' title='bbox 2227 1893 2304 1956; x_wconf 89' lang='lat' dir='ltr'>ad</span> <span class='ocrx_word' id='word_1_129' title='bbox 2349 1893 2591 1956; x_wconf 87' lang='lat' dir='ltr'>bellum</span> 
     </span>
     <span class='ocr_line' id='line_1_18' title="bbox 280 1998 2590 2081; baseline 0.001 -21"><span class='ocrx_word' id='word_1_130' title='bbox 280 2016 570 2080; x_wconf 79' lang='lat' dir='ltr'>pergere,</span> <span class='ocrx_word' id='word_1_131' title='bbox 620 1998 1032 2061; x_wconf 90' lang='lat' dir='ltr'>multitudine</span> <span class='ocrx_word' id='word_1_132' title='bbox 1079 1998 1421 2080; x_wconf 89' lang='lat' dir='ltr'>impeditos</span> <span class='ocrx_word' id='word_1_133' title='bbox 1474 2002 1537 2062; x_wconf 90' lang='lat' dir='ltr'>et</span> <span class='ocrx_word' id='word_1_134' title='bbox 1585 1999 1846 2062; x_wconf 88' lang='lat' dir='ltr'>sarcinis</span> <span class='ocrx_word' id='word_1_135' title='bbox 1888 2003 2229 2081; x_wconf 83' lang='lat' dir='ltr'>occupatos</span> <span class='ocrx_word' id='word_1_136' title='bbox 2271 2020 2391 2064; x_wconf 90' lang='lat' dir='ltr'>non</span> <span class='ocrx_word' id='word_1_137' title='bbox 2432 2000 2590 2062; x_wconf 89' lang='lat' dir='ltr'>diffi-</span> 
     </span>
     <span class='ocr_line' id='line_1_19' title="bbox 284 2104 2591 2189; baseline 0.002 -24"><span class='ocrx_word' id='word_1_138' title='bbox 284 2104 497 2167; x_wconf 90' lang='lat' dir='ltr'>ciliter</span> <span class='ocrx_word' id='word_1_139' title='bbox 555 2105 872 2185; x_wconf 88' lang='lat' dir='ltr'>oppressit</span> <span class='ocrx_word' id='word_1_140' title='bbox 926 2105 1272 2187; x_wconf 84' lang='lat' dir='ltr'>fugatoque</span> <span class='ocrx_word' id='word_1_141' title='bbox 1320 2105 1558 2169; x_wconf 89' lang='lat' dir='ltr'>Narseo</span> <span class='ocrx_word' id='word_1_142' title='bbox 1622 2125 1768 2189; x_wconf 88' lang='lat' dir='ltr'>rege</span> <span class='ocrx_word' id='word_1_143' title='bbox 1815 2126 2109 2169; x_wconf 89' lang='lat' dir='ltr'>reuersus</span> <span class='ocrx_word' id='word_1_144' title='bbox 2160 2126 2305 2169; x_wconf 87' lang='lat' dir='ltr'>curn</span> <span class='ocrx_word' id='word_1_145' title='bbox 2360 2107 2591 2188; x_wconf 87' lang='lat' dir='ltr'>praeda</span> 
     </span>
     <span class='ocr_line' id='line_1_20' title="bbox 284 2211 2587 2294; baseline 0.001 -20"><span class='ocrx_word' id='word_1_146' title='bbox 284 2214 346 2274; x_wconf 88' lang='lat' dir='ltr'>et</span> <span class='ocrx_word' id='word_1_147' title='bbox 424 2211 741 2273; x_wconf 90' lang='lat' dir='ltr'>manubiis</span> <span class='ocrx_word' id='word_1_148' title='bbox 816 2211 1183 2294; x_wconf 87' lang='lat' dir='ltr'>ingentibus</span> <span class='ocrx_word' id='word_1_149' title='bbox 1256 2211 1378 2274; x_wconf 88' lang='lat' dir='ltr'>sibi</span> <span class='ocrx_word' id='word_1_150' title='bbox 1447 2213 1665 2274; x_wconf 86' lang='lat' dir='ltr'>attulit</span> <span class='ocrx_word' id='word_1_151' title='bbox 1739 2213 2124 2294; x_wconf 76' lang='lat' dir='ltr'>superbiam,</span> <span class='ocrx_word' id='word_1_152' title='bbox 2191 2213 2587 2277; x_wconf 88' lang='lat' dir='ltr'>Diocletiano</span> 
     </span>
     <span class='ocr_line' id='line_1_21' title="bbox 281 2318 2691 2400; baseline 0.001 -21"><span class='ocrx_word' id='word_1_153' title='bbox 281 2318 606 2380; x_wconf 88' lang='lat' dir='ltr'>timorem.</span> <span class='ocrx_word' id='word_1_154' title='bbox 701 2318 762 2379; x_wconf 91' lang='lat' dir='ltr'>in</span> <span class='ocrx_word' id='word_1_155' title='bbox 821 2321 1030 2381; x_wconf 86' lang='lat' dir='ltr'>tantos</span> <span class='ocrx_word' id='word_1_156' title='bbox 1088 2337 1357 2398; x_wconf 89' lang='lat' dir='ltr'>namque</span> <span class='ocrx_word' id='word_1_157' title='bbox 1414 2318 1621 2382; x_wconf 88' lang='lat' dir='ltr'>fastus</span> <span class='ocrx_word' id='word_1_158' title='bbox 1685 2322 1831 2400; x_wconf 89' lang='lat' dir='ltr'>post</span> <span class='ocrx_word' id='word_1_159' title='bbox 1876 2320 2035 2382; x_wconf 91' lang='lat' dir='ltr'>hanc</span> <span class='ocrx_word' id='word_1_160' title='bbox 2084 2319 2417 2382; x_wconf 88' lang='lat' dir='ltr'>uictoriam</span> <span class='ocrx_word' id='word_1_161' title='bbox 2466 2320 2586 2382; x_wconf 88' lang='lat' dir='ltr'>ele·</span> <span class='ocrx_word' id='word_1_162' title='bbox 2659 2329 2691 2381; x_wconf 82' lang='lat'>8</span> 
     </span>
     <span class='ocr_line' id='line_1_22' title="bbox 281 2424 2581 2506; baseline 0.001 -21"><span class='ocrx_word' id='word_1_163' title='bbox 281 2427 476 2487; x_wconf 89' lang='lat' dir='ltr'>uatus</span> <span class='ocrx_word' id='word_1_164' title='bbox 537 2427 655 2497; x_wconf 88' lang='lat' dir='ltr'>est,</span> <span class='ocrx_word' id='word_1_165' title='bbox 706 2427 778 2486; x_wconf 90' lang='lat' dir='ltr'>ut</span> <span class='ocrx_word' id='word_1_166' title='bbox 834 2424 959 2486; x_wconf 90' lang='lat' dir='ltr'>iam</span> <span class='ocrx_word' id='word_1_167' title='bbox 1020 2424 1397 2489; x_wconf 80' lang='lat' dir='ltr'>detrectaret</span> <span class='ocrx_word' id='word_1_168' title='bbox 1446 2424 1731 2489; x_wconf 83' lang='lat' dir='ltr'>Caesaris</span> <span class='ocrx_word' id='word_1_169' title='bbox 1791 2445 2034 2491; x_wconf 90' lang='lat' dir='ltr'>nomen.</span> <span class='ocrx_word' id='word_1_170' title='bbox 2104 2425 2269 2506; x_wconf 90' lang='lat' dir='ltr'>quod</span> <span class='ocrx_word' id='word_1_171' title='bbox 2328 2426 2581 2488; x_wconf 91' lang='lat' dir='ltr'>cumin</span> 
     </span>
     <span class='ocr_line' id='line_1_23' title="bbox 279 2530 2581 2605; baseline 0.002 -12"><span class='ocrx_word' id='word_1_172' title='bbox 279 2531 517 2596; x_wconf 90' lang='lat' dir='ltr'>litteris</span> <span class='ocrx_word' id='word_1_173' title='bbox 578 2532 656 2595; x_wconf 91' lang='lat' dir='ltr'>ad</span> <span class='ocrx_word' id='word_1_174' title='bbox 713 2550 780 2595; x_wconf 90' lang='lat' dir='ltr'>se</span> <span class='ocrx_word' id='word_1_175' title='bbox 831 2530 995 2594; x_wconf 88' lang='lat' dir='ltr'>datis</span> <span class='ocrx_word' id='word_1_176' title='bbox 1047 2531 1347 2605; x_wconf 75' lang='lat' dir='ltr'>audisset,</span> <span class='ocrx_word' id='word_1_177' title='bbox 1396 2531 1561 2595; x_wconf 89' lang='lat' dir='ltr'>truci</span> <span class='ocrx_word' id='word_1_178' title='bbox 1610 2532 1798 2595; x_wconf 88' lang='lat' dir='ltr'>uultu</span> <span class='ocrx_word' id='word_1_179' title='bbox 1847 2551 1917 2595; x_wconf 90' lang='lat' dir='ltr'>ac</span> <span class='ocrx_word' id='word_1_180' title='bbox 1966 2549 2122 2596; x_wconf 90' lang='lat' dir='ltr'>uoce</span> <span class='ocrx_word' id='word_1_181' title='bbox 2169 2533 2437 2596; x_wconf 89' lang='lat' dir='ltr'>terribili</span> <span class='ocrx_word' id='word_1_182' title='bbox 2486 2554 2581 2597; x_wconf 82' lang='lat' dir='ltr'>ex-</span> 
     </span>
     <span class='ocr_line' id='line_1_24' title="bbox 282 2636 2688 2720; baseline 0 -19"><span class='ocrx_word' id='word_1_183' title='bbox 282 2637 605 2701; x_wconf 88' lang='lat' dir='ltr'>clamabat</span> <span class='ocrx_word' id='word_1_184' title='bbox 642 2642 993 2718; x_wconf 89' lang='lat' dir='ltr'>‘quousque</span> <span class='ocrx_word' id='word_1_185' title='bbox 1035 2636 1325 2701; x_wconf 71' lang='lat' dir='ltr'>CaesarP’</span> <span class='ocrx_word' id='word_1_186' title='bbox 1420 2637 1636 2700; x_wconf 82' lang='lat' dir='ltr'>exinde</span> <span class='ocrx_word' id='word_1_187' title='bbox 1683 2637 2175 2701; x_wconf 90' lang='lat' dir='ltr'>insolentissime</span> <span class='ocrx_word' id='word_1_188' title='bbox 2225 2658 2408 2720; x_wconf 86' lang='lat' dir='ltr'>agere</span> <span class='ocrx_word' id='word_1_189' title='bbox 2446 2658 2584 2702; x_wconf 92' lang='lat' dir='ltr'>coe-</span> <span class='ocrx_word' id='word_1_190' title='bbox 2658 2653 2688 2702; x_wconf 75' lang='grc'><strong>9</strong></span> 
     </span>
     <span class='ocr_line' id='line_1_25' title="bbox 279 2744 2584 2826; baseline 0 -19"><span class='ocrx_word' id='word_1_191' title='bbox 279 2745 396 2826; x_wconf 85' lang='lat' dir='ltr'>pit,</span> <span class='ocrx_word' id='word_1_192' title='bbox 447 2747 522 2807; x_wconf 92' lang='lat' dir='ltr'>ut</span> <span class='ocrx_word' id='word_1_193' title='bbox 581 2763 653 2806; x_wconf 84' lang='lat' dir='ltr'>ex</span> <span class='ocrx_word' id='word_1_194' title='bbox 700 2744 902 2807; x_wconf 86' lang='lat' dir='ltr'>Marte</span> <span class='ocrx_word' id='word_1_195' title='bbox 962 2763 1028 2807; x_wconf 91' lang='lat' dir='ltr'>se</span> <span class='ocrx_word' id='word_1_196' title='bbox 1089 2746 1487 2825; x_wconf 90' lang='lat' dir='ltr'>procreatum</span> <span class='ocrx_word' id='word_1_197' title='bbox 1537 2747 1601 2808; x_wconf 91' lang='lat' dir='ltr'>et</span> <span class='ocrx_word' id='word_1_198' title='bbox 1647 2744 1847 2808; x_wconf 88' lang='lat' dir='ltr'>uideri</span> <span class='ocrx_word' id='word_1_199' title='bbox 1898 2747 1960 2807; x_wconf 87' lang='lat' dir='ltr'>et</span> <span class='ocrx_word' id='word_1_200' title='bbox 2009 2744 2136 2807; x_wconf 89' lang='lat' dir='ltr'>dici</span> <span class='ocrx_word' id='word_1_201' title='bbox 2184 2744 2382 2807; x_wconf 86' lang='lat' dir='ltr'>uellet</span> <span class='ocrx_word' id='word_1_202' title='bbox 2426 2748 2584 2808; x_wconf 88' lang='lat' dir='ltr'>tarn-</span> 
     </span>
     <span class='ocr_line' id='line_1_26' title="bbox 282 2850 2580 2934; baseline -0 -20"><span class='ocrx_word' id='word_1_203' title='bbox 282 2871 473 2933; x_wconf 91' lang='lat' dir='ltr'>quam</span> <span class='ocrx_word' id='word_1_204' title='bbox 533 2851 804 2913; x_wconf 89' lang='lat' dir='ltr'>alterum</span> <span class='ocrx_word' id='word_1_205' title='bbox 860 2851 1203 2913; x_wconf 82' lang='lat' dir='ltr'>Romulum</span> <span class='ocrx_word' id='word_1_206' title='bbox 1260 2852 1615 2931; x_wconf 88' lang='lat' dir='ltr'>maluitque</span> <span class='ocrx_word' id='word_1_207' title='bbox 1662 2850 1997 2915; x_wconf 86' lang='lat' dir='ltr'>Romulam</span> <span class='ocrx_word' id='word_1_208' title='bbox 2046 2854 2313 2914; x_wconf 88' lang='lat' dir='ltr'>matrem</span> <span class='ocrx_word' id='word_1_209' title='bbox 2362 2854 2580 2934; x_wconf 87' lang='lat' dir='ltr'>stupro</span> 
     </span>
     <span class='ocr_line' id='line_1_27' title="bbox 279 2956 2685 3039; baseline 0.001 -19"><span class='ocrx_word' id='word_1_210' title='bbox 279 2958 607 3031; x_wconf 84' lang='lat' dir='ltr'>infamare,</span> <span class='ocrx_word' id='word_1_211' title='bbox 639 2963 713 3020; x_wconf 87' lang='lat' dir='ltr'>ut</span> <span class='ocrx_word' id='word_1_212' title='bbox 749 2958 886 3039; x_wconf 89' lang='lat' dir='ltr'>ipse</span> <span class='ocrx_word' id='word_1_213' title='bbox 927 2958 1046 3021; x_wconf 88' lang='lat' dir='ltr'>diis</span> <span class='ocrx_word' id='word_1_214' title='bbox 1091 2956 1394 3021; x_wconf 90' lang='lat' dir='ltr'>oriundus</span> <span class='ocrx_word' id='word_1_215' title='bbox 1432 2957 1775 3023; x_wconf 89' lang='lat' dir='ltr'>uideretur.</span> <span class='ocrx_word' id='word_1_216' title='bbox 1872 2958 1983 3020; x_wconf 90' lang='lat' dir='ltr'>sed</span> <span class='ocrx_word' id='word_1_217' title='bbox 2024 2957 2239 3020; x_wconf 85' lang='lat' dir='ltr'>differo</span> <span class='ocrx_word' id='word_1_218' title='bbox 2281 2959 2355 3020; x_wconf 89' lang='lat' dir='ltr'>de</span> <span class='ocrx_word' id='word_1_219' title='bbox 2393 2958 2580 3021; x_wconf 86' lang='lat' dir='ltr'>factis</span> <span class='ocrx_word' id='word_1_220' title='bbox 2623 2970 2685 3022; x_wconf 89' lang='lat'>10</span> 
     </span>
     <span class='ocr_line' id='line_1_28' title="bbox 280 3064 2577 3146; baseline -0 -18"><span class='ocrx_word' id='word_1_221' title='bbox 280 3067 418 3128; x_wconf 88' lang='lat' dir='ltr'>eius</span> <span class='ocrx_word' id='word_1_222' title='bbox 467 3065 696 3138; x_wconf 82' lang='lat' dir='ltr'>dicere,</span> <span class='ocrx_word' id='word_1_223' title='bbox 736 3084 812 3127; x_wconf 90' lang='lat' dir='ltr'>ne</span> <span class='ocrx_word' id='word_1_224' title='bbox 862 3065 1234 3129; x_wconf 86' lang='lat' dir='ltr'>confundam</span> <span class='ocrx_word' id='word_1_225' title='bbox 1288 3067 1593 3146; x_wconf 87' lang='lat' dir='ltr'>tempora.</span> <span class='ocrx_word' id='word_1_226' title='bbox 1644 3067 1865 3145; x_wconf 87' lang='lat' dir='ltr'>postea</span> <span class='ocrx_word' id='word_1_227' title='bbox 1914 3064 2079 3126; x_wconf 92' lang='lat' dir='ltr'>enim</span> <span class='ocrx_word' id='word_1_228' title='bbox 2128 3084 2315 3144; x_wconf 86' lang='lat' dir='ltr'>quam</span> <span class='ocrx_word' id='word_1_229' title='bbox 2355 3084 2577 3128; x_wconf 90' lang='lat' dir='ltr'>nomen</span> 
     </span>
    </p>
   </div>
   <div class='ocr_carea' id='block_1_6' title="bbox 223 3171 2581 3253">
    <p class='ocr_par' dir='ltr' id='par_1_6' title="bbox 223 3171 2581 3253">
     <span class='ocr_line' id='line_1_29' title="bbox 223 3171 2581 3253; baseline 0 -19"><span class='ocrx_word' id='word_1_230' title='bbox 223 3198 243 3235; x_wconf 85' lang='lat'>5</span> <span class='ocrx_word' id='word_1_231' title='bbox 278 3172 679 3253; x_wconf 89' lang='lat' dir='ltr'>imperatoris</span> <span class='ocrx_word' id='word_1_232' title='bbox 738 3172 1001 3253; x_wconf 91' lang='lat' dir='ltr'>accepit,</span> <span class='ocrx_word' id='word_1_233' title='bbox 1053 3175 1237 3234; x_wconf 84' lang='lat' dir='ltr'>exuto</span> <span class='ocrx_word' id='word_1_234' title='bbox 1298 3191 1535 3248; x_wconf 87' lang='lat' dir='ltr'>socero,</span> <span class='ocrx_word' id='word_1_235' title='bbox 1586 3176 1719 3234; x_wconf 87' lang='lat' dir='ltr'>tum</span> <span class='ocrx_word' id='word_1_236' title='bbox 1792 3171 2046 3233; x_wconf 89' lang='lat' dir='ltr'>demum</span> <span class='ocrx_word' id='word_1_237' title='bbox 2104 3172 2306 3234; x_wconf 88' lang='lat' dir='ltr'>furere</span> <span class='ocrx_word' id='word_1_238' title='bbox 2370 3172 2581 3252; x_wconf 89' lang='lat' dir='ltr'>coepit</span> 
     </span>
    </p>
   </div>
   <div class='ocr_carea' id='block_1_7' title="bbox 279 3278 2676 3358">
    <p class='ocr_par' dir='ltr' id='par_1_7' title="bbox 279 3278 2676 3358">
     <span class='ocr_line' id='line_1_30' title="bbox 279 3278 2676 3358; baseline 0 -16"><span class='ocrx_word' id='word_1_239' title='bbox 279 3284 340 3342; x_wconf 90' lang='lat' dir='ltr'>et</span> <span class='ocrx_word' id='word_1_240' title='bbox 393 3282 790 3342; x_wconf 89' lang='lat' dir='ltr'>contemnere</span> <span class='ocrx_word' id='word_1_241' title='bbox 841 3278 1070 3341; x_wconf 89' lang='lat' dir='ltr'>omnia.</span> <span class='ocrx_word' id='word_1_242' title='bbox 1165 3279 1420 3342; x_wconf 87' lang='lat' dir='ltr'>Diocles</span> <span class='ocrx_word' id='word_1_243' title='bbox 1462 3315 1542 3323; x_wconf 90' lang='lat'>—-</span> <span class='ocrx_word' id='word_1_244' title='bbox 1590 3278 1787 3348; x_wconf 83' lang='lat' dir='ltr'>&lt;sic&gt;</span> <span class='ocrx_word' id='word_1_245' title='bbox 1837 3278 2001 3340; x_wconf 90' lang='lat' dir='ltr'>enim</span> <span class='ocrx_word' id='word_1_246' title='bbox 2051 3280 2191 3341; x_wconf 90' lang='lat' dir='ltr'>ante</span> <span class='ocrx_word' id='word_1_247' title='bbox 2240 3278 2572 3358; x_wconf 89' lang='lat' dir='ltr'>imperium</span> <span class='ocrx_word' id='word_1_248' title='bbox 2618 3293 2676 3343; x_wconf 83' lang='lat'>11</span> 
     </span>
    </p>
   </div>
   <div class='ocr_carea' id='block_1_8' title="bbox 278 3502 2676 3784">
    <p class='ocr_par' dir='ltr' id='par_1_8' title="bbox 278 3502 2676 3784">
     <span class='ocr_line' id='line_1_31' title="bbox 352 3502 2579 3571; baseline 0 -16"><span class='ocrx_word' id='word_1_249' title='bbox 352 3504 376 3555; x_wconf 88' lang='lat'>1</span> <span class='ocrx_word' id='word_1_250' title='bbox 422 3511 488 3555; x_wconf 82' lang='lat' dir='ltr'>cu</span> <span class='ocrx_word' id='word_1_251' title='bbox 534 3503 593 3568; x_wconf 85' lang='lat' dir='ltr'>C,</span> <span class='ocrx_word' id='word_1_252' title='bbox 629 3503 913 3555; x_wconf 75' lang='lat' dir='ltr'>nolui-mus</span> <span class='ocrx_word' id='word_1_253' title='bbox 950 3503 1204 3571; x_wconf 83' lang='lat' dir='ltr'>quoniam</span> <span class='ocrx_word' id='word_1_254' title='bbox 1368 3504 1400 3556; x_wconf 79' lang='lat'>2</span> <span class='ocrx_word' id='word_1_255' title='bbox 1438 3519 1580 3555; x_wconf 89' lang='lat' dir='ltr'>noua</span> <span class='ocrx_word' id='word_1_256' title='bbox 1623 3502 1681 3567; x_wconf 78' lang='lat' dir='ltr'>G,</span> <span class='ocrx_word' id='word_1_257' title='bbox 1722 3519 1858 3555; x_wconf 82' lang='lat' dir='ltr'>corr.</span> <span class='ocrx_word' id='word_1_258' title='bbox 1899 3503 2017 3554; x_wconf 83' lang='lat' dir='ltr'>Bal</span> <span class='ocrx_word' id='word_1_259' title='bbox 2195 3507 2306 3554; x_wconf 88' lang='lat' dir='ltr'>tras</span> <span class='ocrx_word' id='word_1_260' title='bbox 2339 3503 2485 3570; x_wconf 88' lang='lat' dir='ltr'>jecto</span> <span class='ocrx_word' id='word_1_261' title='bbox 2534 3504 2579 3555; x_wconf 81' lang='lat' dir='ltr'><strong><em>G</em></strong></span> 
     </span>
     <span class='ocr_line' id='line_1_32' title="bbox 280 3588 2571 3659; baseline 0 -16"><span class='ocrx_word' id='word_1_262' title='bbox 280 3588 751 3645; x_wconf 78' lang='lat' dir='ltr'>amne&lt;Danubio&gt;</span> <span class='ocrx_word' id='word_1_263' title='bbox 779 3592 857 3644; x_wconf 83' lang='lat' dir='ltr'>ed.</span> <span class='ocrx_word' id='word_1_264' title='bbox 904 3592 1078 3646; x_wconf 68' lang='lat' dir='ltr'>Oxou.</span> <span class='ocrx_word' id='word_1_265' title='bbox 1109 3595 1264 3645; x_wconf 88' lang='grc'><em>1680</em></span> <span class='ocrx_word' id='word_1_266' title='bbox 1293 3593 1379 3659; x_wconf 69' lang='lat' dir='ltr'>(in</span> <span class='ocrx_word' id='word_1_267' title='bbox 1406 3592 1703 3644; x_wconf 78' lang='lat' dir='ltr'>Emendat.</span> <span class='ocrx_word' id='word_1_268' title='bbox 1724 3610 1784 3659; x_wconf 77' lang='lat' dir='ltr'>p.</span> <span class='ocrx_word' id='word_1_269' title='bbox 1816 3595 1953 3658; x_wconf 83' lang='lat'><em>108)</em></span> <span class='ocrx_word' id='word_1_270' title='bbox 2103 3591 2408 3659; x_wconf 86' lang='lat' dir='ltr'>confugerit</span> <span class='ocrx_word' id='word_1_271' title='bbox 2444 3592 2571 3644; x_wconf 85' lang='lat' dir='ltr'>Tol-</span> 
     </span>
     <span class='ocr_line' id='line_1_33' title="bbox 278 3680 2676 3784; baseline 0 -51"><span class='ocrx_word' id='word_1_272' title='bbox 278 3682 406 3747; x_wconf 72' lang='lat' dir='ltr'>lius,</span> <span class='ocrx_word' id='word_1_273' title='bbox 431 3681 529 3784; x_wconf 61' lang='lat' dir='ltr'>sedcii</span> <span class='ocrx_word' id='word_1_274' title='bbox 556 3680 625 3746; x_wconf 85' lang='lat' dir='ltr'>cf.</span> <span class='ocrx_word' id='word_1_275' title='bbox 656 3683 874 3748; x_wconf 86' lang='lat' dir='ltr'>poterat</span> <span class='ocrx_word' id='word_1_276' title='bbox 904 3697 943 3735; x_wconf 90' lang='lat' dir='ltr'>c.</span> <span class='ocrx_word' id='word_1_277' title='bbox 967 3685 1055 3746; x_wconf 86' lang='lat'>17,</span> <span class='ocrx_word' id='word_1_278' title='bbox 1077 3685 1115 3733; x_wconf 79' lang='lat'><em>2</em></span> <span class='ocrx_word' id='word_1_279' title='bbox 1146 3680 1393 3745; x_wconf 88' lang='lat' dir='ltr'>(uidebat</span> <span class='ocrx_word' id='word_1_280' title='bbox 1422 3684 1511 3746; x_wconf 91' lang='grc'><em>18,</em></span> <span class='ocrx_word' id='word_1_281' title='bbox 1538 3684 1616 3746; x_wconf 85' lang='lat'>5.)</span> <span class='ocrx_word' id='word_1_282' title='bbox 1730 3682 1761 3733; x_wconf 88' lang='lat'><strong>3</strong></span> <span class='ocrx_word' id='word_1_283' title='bbox 1794 3684 1969 3732; x_wconf 80' lang='lat' dir='ltr'>status</span> <span class='ocrx_word' id='word_1_284' title='bbox 2006 3680 2317 3744; x_wconf 75' lang='lat' dir='ltr'>Colambus,</span> <span class='ocrx_word' id='word_1_285' title='bbox 2348 3684 2496 3732; x_wconf 80' lang='lat' dir='ltr'>statu</span> <span class='ocrx_word' id='word_1_286' title='bbox 2533 3681 2577 3733; x_wconf 85' lang='lat' dir='ltr'><em>C</em></span> <span class='ocrx_word' id='word_1_287' title='bbox 2673 3775 2676 3778; x_wconf 25' lang='grc' dir='ltr'>Ι</span> 
     </span>
    </p>
   </div>
   <div class='ocr_carea' id='block_1_9' title="bbox 276 3794 2572 4396">
    <p class='ocr_par' dir='ltr' id='par_1_9' title="bbox 276 3794 2572 4396">
     <span class='ocr_line' id='line_1_34' title="bbox 280 3794 2569 3862; baseline -0.001 -13"><span class='ocrx_word' id='word_1_288' title='bbox 280 3798 310 3848; x_wconf 84' lang='grc'><strong>5</strong></span> <span class='ocrx_word' id='word_1_289' title='bbox 335 3796 555 3849; x_wconf 89' lang='lat' dir='ltr'>formini</span> <span class='ocrx_word' id='word_1_290' title='bbox 589 3796 635 3849; x_wconf 80' lang='lat' dir='ltr'><strong><em>C</em></strong></span> <span class='ocrx_word' id='word_1_291' title='bbox 741 3797 773 3849; x_wconf 83' lang='lat'>8</span> <span class='ocrx_word' id='word_1_292' title='bbox 804 3797 1013 3849; x_wconf 88' lang='lat' dir='ltr'>iniabat</span> <span class='ocrx_word' id='word_1_293' title='bbox 1049 3798 1094 3850; x_wconf 79' lang='grc' dir='ltr'><em>Ο</em></span> <span class='ocrx_word' id='word_1_294' title='bbox 1202 3798 1267 3850; x_wconf 89' lang='grc'>10</span> <span class='ocrx_word' id='word_1_295' title='bbox 1299 3796 1539 3850; x_wconf 88' lang='lat' dir='ltr'>deiectus</span> <span class='ocrx_word' id='word_1_296' title='bbox 1568 3796 1880 3862; x_wconf 74' lang='lat' dir='ltr'>ColumbuS,</span> <span class='ocrx_word' id='word_1_297' title='bbox 1911 3796 2166 3848; x_wconf 88' lang='lat' dir='ltr'>disiectus</span> <span class='ocrx_word' id='word_1_298' title='bbox 2195 3794 2240 3847; x_wconf 83' lang='lat'><em>0</em></span> <span class='ocrx_word' id='word_1_299' title='bbox 2349 3797 2412 3849; x_wconf 89' lang='grc'>13</span> <span class='ocrx_word' id='word_1_300' title='bbox 2443 3813 2569 3848; x_wconf 87' lang='lat' dir='ltr'>usus</span> 
     </span>
     <span class='ocr_line' id='line_1_35' title="bbox 285 3884 2572 3952; baseline -0.001 -15"><span class='ocrx_word' id='word_1_301' title='bbox 285 3886 515 3951; x_wconf 72' lang='lat' dir='ltr'>TolliuS,</span> <span class='ocrx_word' id='word_1_302' title='bbox 554 3885 665 3938; x_wconf 89' lang='lat' dir='ltr'>suis</span> <span class='ocrx_word' id='word_1_303' title='bbox 711 3884 759 3938; x_wconf 79' lang='lat' dir='ltr'><strong><em>G</em></strong></span> <span class='ocrx_word' id='word_1_304' title='bbox 902 3887 967 3938; x_wconf 89' lang='grc'>14</span> <span class='ocrx_word' id='word_1_305' title='bbox 1004 3886 1282 3952; x_wconf 84' lang='lat' dir='ltr'>imperitos</span> <span class='ocrx_word' id='word_1_306' title='bbox 1329 3885 1385 3951; x_wconf 81' lang='grc' dir='ltr'>Ο,</span> <span class='ocrx_word' id='word_1_307' title='bbox 1427 3902 1564 3939; x_wconf 83' lang='lat' dir='ltr'>cor-r.</span> <span class='ocrx_word' id='word_1_308' title='bbox 1605 3887 1722 3938; x_wconf 81' lang='lat' dir='ltr'>Bal</span> <span class='ocrx_word' id='word_1_309' title='bbox 1902 3885 2133 3937; x_wconf 88' lang='lat' dir='ltr'>sartinos</span> <span class='ocrx_word' id='word_1_310' title='bbox 2179 3884 2238 3950; x_wconf 80' lang='lat' dir='ltr'>G,</span> <span class='ocrx_word' id='word_1_311' title='bbox 2278 3901 2415 3938; x_wconf 84' lang='lat' dir='ltr'>corr.</span> <span class='ocrx_word' id='word_1_312' title='bbox 2455 3885 2572 3936; x_wconf 83' lang='lat' dir='ltr'>Bal</span> 
     </span>
     <span class='ocr_line' id='line_1_36' title="bbox 279 3972 2566 4042; baseline 0 -17"><span class='ocrx_word' id='word_1_313' title='bbox 279 3974 549 4027; x_wconf 86' lang='lat' dir='ltr'>dificiliter</span> <span class='ocrx_word' id='word_1_314' title='bbox 586 3973 631 4026; x_wconf 84' lang='lat' dir='ltr'><strong><em>C</em></strong></span> <span class='ocrx_word' id='word_1_315' title='bbox 739 3976 804 4027; x_wconf 85' lang='lat'>15</span> <span class='ocrx_word' id='word_1_316' title='bbox 835 3974 1136 4042; x_wconf 87' lang='lat' dir='ltr'>obpraessit</span> <span class='ocrx_word' id='word_1_317' title='bbox 1163 3975 1207 4026; x_wconf 80' lang='lat' dir='ltr'><strong><em>G</em></strong></span> <span class='ocrx_word' id='word_1_318' title='bbox 1317 3975 1379 4026; x_wconf 85' lang='lat'>17</span> <span class='ocrx_word' id='word_1_319' title='bbox 1413 3975 1588 4025; x_wconf 86' lang='lat' dir='ltr'>elatus</span> <span class='ocrx_word' id='word_1_320' title='bbox 1609 3974 1941 4038; x_wconf 73' lang='lat' dir='ltr'>Heumann;</span> <span class='ocrx_word' id='word_1_321' title='bbox 1971 3972 2048 4025; x_wconf 84' lang='lat' dir='ltr'>ad</span> <span class='ocrx_word' id='word_1_322' title='bbox 2076 3972 2319 4025; x_wconf 75' lang='lat' dir='ltr'>eleuatus</span> <span class='ocrx_word' id='word_1_323' title='bbox 2350 3974 2566 4042; x_wconf 71' lang='lat' dir='ltr'>Bume-</span> 
     </span>
     <span class='ocr_line' id='line_1_37' title="bbox 276 4061 2565 4131; baseline -0 -17"><span class='ocrx_word' id='word_1_324' title='bbox 276 4079 442 4115; x_wconf 81' lang='lat' dir='ltr'>marm</span> <span class='ocrx_word' id='word_1_325' title='bbox 481 4063 696 4130; x_wconf 79' lang='lat' dir='ltr'>confert</span> <span class='ocrx_word' id='word_1_326' title='bbox 735 4062 944 4118; x_wconf 67' lang='lat' dir='ltr'>Aru-ob.</span> <span class='ocrx_word' id='word_1_327' title='bbox 985 4063 1063 4115; x_wconf 94' lang='lat' dir='ltr'>II</span> <span class='ocrx_word' id='word_1_328' title='bbox 1094 4066 1165 4115; x_wconf 87' lang='lat'>19</span> <span class='ocrx_word' id='word_1_329' title='bbox 1200 4062 1368 4131; x_wconf 83' lang='lat' dir='ltr'>typho</span> <span class='ocrx_word' id='word_1_330' title='bbox 1410 4067 1465 4116; x_wconf 90' lang='lat' dir='ltr'>et</span> <span class='ocrx_word' id='word_1_331' title='bbox 1504 4062 1825 4128; x_wconf 84' lang='lat' dir='ltr'>adrogantia</span> <span class='ocrx_word' id='word_1_332' title='bbox 1863 4061 2135 4113; x_wconf 89' lang='lat' dir='ltr'>subleuati</span> <span class='ocrx_word' id='word_1_333' title='bbox 2248 4061 2311 4114; x_wconf 80' lang='lat'>18</span> <span class='ocrx_word' id='word_1_334' title='bbox 2355 4061 2565 4114; x_wconf 87' lang='lat' dir='ltr'>detrac-</span> 
     </span>
     <span class='ocr_line' id='line_1_38' title="bbox 276 4151 2568 4218; baseline 0 -16"><span class='ocrx_word' id='word_1_335' title='bbox 276 4153 411 4204; x_wconf 84' lang='lat' dir='ltr'>taret</span> <span class='ocrx_word' id='word_1_336' title='bbox 462 4153 583 4205; x_wconf 81' lang='lat' dir='ltr'>Bal</span> <span class='ocrx_word' id='word_1_337' title='bbox 631 4153 697 4203; x_wconf 77' lang='lat' dir='ltr'>in</span> <span class='ocrx_word' id='word_1_338' title='bbox 748 4157 913 4218; x_wconf 65' lang='lat' dir='ltr'>tenuta,</span> <span class='ocrx_word' id='word_1_339' title='bbox 967 4151 1293 4204; x_wconf 83' lang='lat' dir='ltr'>detrectaret</span> <span class='ocrx_word' id='word_1_340' title='bbox 1347 4152 1450 4214; x_wconf 83' lang='lat' dir='ltr'>(sic</span> <span class='ocrx_word' id='word_1_341' title='bbox 1494 4151 1558 4216; x_wconf 89' lang='lat' dir='ltr'>C)</span> <span class='ocrx_word' id='word_1_342' title='bbox 1600 4151 1662 4202; x_wconf 74' lang='lat' dir='ltr'>in</span> <span class='ocrx_word' id='word_1_343' title='bbox 1712 4151 1884 4215; x_wconf 47' lang='grc' dir='ltr'><em>ποιέω</em></span> <span class='ocrx_word' id='word_1_344' title='bbox 1938 4151 2006 4218; x_wconf 87' lang='lat' dir='ltr'>cf.</span> <span class='ocrx_word' id='word_1_345' title='bbox 2060 4166 2102 4205; x_wconf 87' lang='lat' dir='ltr'>c.</span> <span class='ocrx_word' id='word_1_346' title='bbox 2155 4154 2244 4215; x_wconf 87' lang='lat'>10,</span> <span class='ocrx_word' id='word_1_347' title='bbox 2303 4155 2351 4202; x_wconf 81' lang='lat'>4.</span> <span class='ocrx_word' id='word_1_348' title='bbox 2396 4153 2489 4216; x_wconf 85' lang='grc'>38,</span> <span class='ocrx_word' id='word_1_349' title='bbox 2531 4154 2568 4202; x_wconf 71' lang='grc'><em>2</em></span> 
     </span>
     <span class='ocr_line' id='line_1_39' title="bbox 282 4239 2564 4307; baseline -0.001 -15"><span class='ocrx_word' id='word_1_350' title='bbox 282 4241 340 4292; x_wconf 86' lang='grc'><em>19</em></span> <span class='ocrx_word' id='word_1_351' title='bbox 374 4240 548 4293; x_wconf 89' lang='lat' dir='ltr'>literis</span> <span class='ocrx_word' id='word_1_352' title='bbox 596 4241 642 4293; x_wconf 81' lang='grc' dir='ltr'><em>Ο</em></span> <span class='ocrx_word' id='word_1_353' title='bbox 785 4240 944 4293; x_wconf 79' lang='lat' dir='ltr'>datus</span> <span class='ocrx_word' id='word_1_354' title='bbox 982 4240 1039 4304; x_wconf 81' lang='grc' dir='ltr'>Ο,</span> <span class='ocrx_word' id='word_1_355' title='bbox 1079 4256 1215 4293; x_wconf 85' lang='lat' dir='ltr'>corr.</span> <span class='ocrx_word' id='word_1_356' title='bbox 1247 4241 1364 4292; x_wconf 78' lang='lat' dir='ltr'>Bal</span> <span class='ocrx_word' id='word_1_357' title='bbox 1510 4239 1740 4291; x_wconf 86' lang='lat' dir='ltr'>uidisset</span> <span class='ocrx_word' id='word_1_358' title='bbox 1770 4239 2072 4291; x_wconf 74' lang='lat' dir='ltr'>Heumann</span> <span class='ocrx_word' id='word_1_359' title='bbox 2183 4241 2249 4291; x_wconf 79' lang='lat'>26</span> <span class='ocrx_word' id='word_1_360' title='bbox 2292 4241 2564 4307; x_wconf 83' lang='lat' dir='ltr'>contemp-</span> 
     </span>
     <span class='ocr_line' id='line_1_40' title="bbox 276 4329 1699 4396; baseline 0 -16"><span class='ocrx_word' id='word_1_361' title='bbox 276 4345 394 4381; x_wconf 88' lang='lat' dir='ltr'>nere</span> <span class='ocrx_word' id='word_1_362' title='bbox 440 4329 486 4382; x_wconf 83' lang='lat' dir='ltr'><strong><em>G</em></strong></span> <span class='ocrx_word' id='word_1_363' title='bbox 629 4329 707 4382; x_wconf 87' lang='lat' dir='ltr'>sic</span> <span class='ocrx_word' id='word_1_364' title='bbox 749 4329 877 4383; x_wconf 80' lang='lat' dir='ltr'>add.</span> <span class='ocrx_word' id='word_1_365' title='bbox 924 4329 1220 4392; x_wconf 77' lang='lat' dir='ltr'>Graeuius,</span> <span class='ocrx_word' id='word_1_366' title='bbox 1266 4331 1402 4388; x_wconf 61' lang='lat' dir='ltr'>(ita)</span> <span class='ocrx_word' id='word_1_367' title='bbox 1451 4329 1699 4396; x_wconf 73' lang='lat' dir='ltr'>Cuperus</span> 
     </span>
    </p>
   </div>
  </div>
 </body>
</html>
