3132 5043
562 390 681 454 XX
1407 382 1992 450 Prolegomena.

560 583 770 646 Lucae
831 579 1021 646 1761.
1078 578 1313 642 Postea
1367 578 1671 641 Baluzius
1736 576 1987 661 roganti
2051 576 2396 641 obsecutus
2460 578 2535 639 ut
2597 575 2854 639 uidetur

559 687 884 765 Bauldrio,
932 686 1116 750 cuius
1166 685 1241 750 de
1292 685 1569 749 editione
1617 683 1844 768 (1692)
1894 702 2037 747 mox
2094 683 2400 761 dicemu8,
2448 685 2631 747 notas
2700 701 2850 747 suas

558 795 657 857 illi
711 793 889 857 misit
943 792 1035 857 ita
1087 795 1388 871 mutatas,
1446 794 1521 855 ut
1575 790 1761 856 nouis
1819 789 1988 854 curis
2043 789 2106 853 in
2163 790 2324 854 libro
2383 789 2730 855 conlocatis
2789 791 2852 852 et

559 900 908 964 editionum
962 899 1217 963 interim
1272 896 1650 962 emissarum
1704 897 1946 962 ratione
2002 897 2219 961 habita
2274 896 2584 978 quaedam
2640 915 2710 959 ex
2769 895 2848 958 iis

560 1025 718 1089 quae
767 1009 951 1069 antea
986 1004 1049 1068 in
1089 1006 1266 1068 textu
1305 1004 1649 1086 scripserat
1694 1003 1801 1067 uel
1845 1002 1909 1066 in
1957 1002 2124 1068 notis
2174 1001 2610 1085 explicationis
2659 1019 2850 1064 causa

557 1111 929 1196 protulerat,
1005 1111 1111 1174 uel
1186 1110 1529 1193 corrigeret
1602 1109 1708 1173 uel
1782 1108 2164 1174 defenderet.
2229 1109 2410 1173 Hanc
2489 1107 2693 1190 ipsam
2771 1107 2848 1169 ob

558 1237 816 1283 causam
866 1217 1060 1282 editio
1112 1216 1397 1281 Bauldrii
1462 1217 1766 1298 inscripta
1831 1219 1930 1280 est
2115 1236 2250 1279 eccm
2314 1214 2480 1278 notis
2545 1212 2850 1293 Stephani

554 1324 816 1389 Babaeii
998 1324 1222 1388 Editio
1294 1322 1668 1404 secanda.⁷)
1743 1324 1831 1387 Ex
1896 1322 2198 1387 Bauldrio
2264 1322 2357 1406 (II
2423 1342 2486 1404 p.
2557 1317 2845 1403 1-120)

554 1433 668 1496 has
717 1435 901 1496 notas
947 1435 1170 1512 postea
1215 1431 1484 1514 Lenglet
1530 1431 1622 1517 (II
1659 1451 1715 1513 p.
1756 1430 2137 1511 277—344)
2186 1428 2541 1510 descripsit.
2581 1427 2848 1490 Duabus

552 1538 852 1620 proximis
916 1537 1304 1602 editionibus
1366 1557 1488 1602 non
1549 1537 1738 1620 pauci
1798 1536 1922 1602 loci
1981 1537 2043 1600 in
2095 1536 2457 1602 Colbertino
2520 1533 2847 1617 deprauati

554 1664 714 1727 quos
778 1644 1082 1709 Baluzius
1148 1662 1271 1708 non
1338 1644 1716 1727 expedierat,
1783 1644 2047 1709 correcti
2111 1646 2280 1707 sunt.
2346 1643 2480 1706 Iam
2529 1660 2582 1707 a.
2636 1641 2846 1704 1680

554 1751 792 1834 prodiit
852 1748 1153 1816 ‘Oxonii
1210 1748 1280 1812 E
1332 1750 1599 1814 Theatra
1658 1750 2097 1815 Slieldoniano'
2148 1748 2336 1812 Lucii
2396 1747 2655 1813 Caecilii
2701 1744 2848 1809 Fir-

551 1857 754 1920 miani
818 1854 1140 1920 Lactantii
1204 1854 1307 1920 De
1374 1855 1694 1920 DIortibas
1756 1855 2232 1920 Persecutorum
2307 1855 2515 1921 Liber.
2598 1854 2843 1918 Nomen

553 1963 813 2027 editoris
853 1982 1054 2045 neque
1093 1963 1154 2026 in
1194 1963 1385 2028 titulo
1428 1963 1714 2027 additum
1752 1981 1952 2046 neque
1999 1963 2374 2045 praefationi
2413 1960 2847 2043 subscriptum

553 2073 672 2147 est,
742 2071 805 2133 in
873 2070 988 2134 hac
1053 2073 1265 2133 tamen
1333 2071 1486 2136 haec
1549 2071 1852 2155 leguntur
1918 2070 2005 2153 (p.
2077 2069 2172 2155 1):
2380 2067 2667 2153 Eumque
2731 2074 2841 2145 (sc.

550 2262 675 2324 219,
728 2262 794 2315 19
840 2265 1091 2323 matrem
1135 2260 1255 2323 222,
1296 2262 1328 2314 3
1369 2261 1640 2325 animam3
1680 2261 1803 2323 224,
1843 2261 1911 2313 ‘22
1951 2261 2215 2323 dolorem3
2255 2261 2378 2323 227,
2420 2261 2486 2314 15
2525 2260 2839 2318 exercitum:

551 2349 676 2404 alia.
714 2349 1043 2402 Terminatio
1082 2365 1113 2403 o
1152 2366 1247 2419 pro
1286 2366 1381 2403 um
1415 2349 1472 2402 in
1512 2348 1552 2403 C
1591 2349 1772 2418 posita
1810 2355 1918 2403 est:
1958 2366 2009 2418 p.
2053 2351 2171 2412 195,
2210 2349 2242 2402 8
2281 2353 2467 2411 exutm
2510 2348 2630 2411 201,
2670 2351 2702 2402 5
2740 2348 2842 2400 im-

543 2438 725 2506 perim
765 2438 890 2501 208,
928 2438 960 2491 3
997 2437 1325 2501 interuallo;
1376 2438 1497 2501 210,
1552 2440 1584 2493 5
1634 2443 1986 2506 nuncupat03
2035 2437 2158 2500 223,
2204 2438 2273 2491 20
2317 2436 2561 2500 Chri-scm
2609 2438 2732 2500 225,
2773 2437 2843 2490 20

552 2528 845 2595 aliquanto
859 2549 873 2592 ;
921 2527 1044 2589 229,
1083 2527 1115 2579 8
1154 2528 1403 2583 consilio.
1444 2527 1650 2582 Contra
1686 2529 1998 2581 terminatio
2036 2545 2128 2581 um
2166 2545 2260 2597 pro
2301 2543 2332 2581 o
2372 2530 2480 2581 est:
2520 2544 2573 2595 p.
2616 2526 2733 2590 185,
2771 2528 2841 2580 23

539 2616 900 2683 proprium..
922 2615 1135 2679 odium;
1179 2616 1297 2678 186,
1332 2616 1397 2669 10
1432 2616 1794 2682 sacrificium;
1836 2617 1953 2679 192,
1984 2618 2019 2670 4
2054 2614 2364 2685 imperium3
2407 2616 2528 2679 215,
2567 2617 2633 2669 21
2665 2616 2841 2684 pala·

548 2706 701 2758 tium.
732 2704 960 2773 Propter
988 2704 1120 2757 haec
1147 2704 1285 2757 uitia
1310 2705 1364 2756 in
1395 2704 1436 2759 C
1467 2720 1628 2773 saepe
1659 2706 2009 2768 occurrentia,
2042 2721 2179 2773 quae
2220 2722 2281 2758 ex
2318 2704 2531 2773 uulgari
2565 2705 2842 2758 locutione

549 2795 714 2862 atque
741 2793 1027 2846 notissima
1054 2792 1151 2845 illa
1179 2793 1476 2847 accusatiui
1507 2796 1564 2846 et
1593 2793 1825 2846 ablatiui
1854 2794 2165 2847 confusione
2195 2799 2313 2848 orta
2340 2796 2482 2858 sunt,
2515 2809 2841 2863 quamquam

548 2880 870 2949 quibusdam
913 2880 1048 2934 locis
1094 2881 1151 2933 in
1191 2880 1231 2934 C
1268 2882 1499 2935 fortasse
1548 2884 1714 2935 etiam
1754 2882 1887 2936 alias
1927 2900 2115 2936 causas
2151 2883 2373 2942 habent,
2412 2899 2531 2936 cum
2568 2881 2842 2952 prioribus

548 2968 848 3022 editoribus
886 2970 1021 3023 locis
1061 2987 1222 3038 supra
1258 2970 1512 3024 indicatis
1551 2987 1646 3039 pro
1688 2971 1928 3025 ablatiuo
1957 2973 2323 3026 accusatiuum
2352 2972 2524 3041 posui.
2554 2971 2704 3024 Idem
2734 2971 2845 3024 feci

547 3075 588 3110 c.
633 3057 714 3121 18,
752 3060 788 3111 4
823 3060 1074 3111 Neruam
1110 3090 1177 3097 —
1216 3060 1592 3127 imperantem,
1631 3061 1724 3113 ubi
1753 3060 1807 3113 in
1838 3060 1879 3115 C
1908 3077 2087 3114 nerua
2115 3092 2180 3100 —
2209 3063 2514 3129 imperante
2541 3064 2649 3114 est:
2681 3077 2842 3129 quem

546 3144 845 3198 ablatiuum
897 3149 960 3199 ut
1013 3147 1316 3200 absolutum
1367 3164 1476 3200 non
1526 3149 1634 3201 iam
1691 3148 1940 3206 admitto,
1991 3149 2170 3203 Etiam
2221 3166 2263 3202 c.
2304 3151 2390 3212 39,
2429 3150 2461 3203 3
2498 3150 2570 3202 in
2605 3149 2839 3203 matri-

543 3235 761 3287 monio
790 3236 1062 3302 postulat.
1102 3237 1231 3290 licet
1269 3236 1540 3291 ablatiuus
1578 3238 1696 3291 loco
1729 3238 1956 3309 Sulpicii
1985 3238 2172 3292 Seueri
2200 3239 2394 3295 Chron.
2424 3239 2451 3292 I
2480 3240 2528 3300 9,
2563 3240 2586 3290 1
2622 3236 2842 3291 defendi

544 3322 807 3385 uideatur,
845 3323 907 3376 in
943 3326 1356 3378 matrimonium
1392 3325 1622 3379 scribere
1663 3327 1864 3390 malim,
1906 3331 1960 3380 et
1998 3344 2041 3384 c.
2084 3329 2165 3392 19,
2203 3330 2239 3381 4
2277 3328 2562 3382 constituit
2605 3328 2676 3380 in
2720 3343 2838 3380 me-

544 3410 653 3463 dio
704 3428 798 3479 pro
849 3413 914 3464 in
963 3414 1212 3467 medium.
1264 3415 1535 3485 Exemplis
1587 3416 2034 3470 illia-uerborum
2087 3435 2311 3486 quorum
2362 3435 2415 3471 m
2461 3417 2639 3470 finalis
2689 3416 2745 3468 in
2794 3415 2838 3470 C

541 3498 767 3561 interiit,
819 3500 980 3553 etiam
1030 3518 1188 3569 quam
1234 3500 1410 3556 facilis
1450 3504 1759 3558 coniectura
1795 3521 1915 3557 mea
1954 3506 2028 3559 sit
2065 3523 2107 3561 c.
2147 3506 2232 3571 38,
2276 3507 2299 3558 1
2342 3521 2561 3559 caecam
2599 3510 2647 3558 et
2685 3506 2838 3571 effre·

539 3591 733 3639 natam
791 3587 867 3652 (in
922 3587 962 3641 C
1014 3605 1180 3643 caeca
1231 3596 1281 3643 et
1328 3592 1645 3658 effrenata),
1698 3593 1998 3662 apparebit.
2052 3593 2208 3658 Quod
2260 3597 2441 3646 autem
2479 3593 2582 3646 hoc
2622 3596 2677 3646 et
2714 3593 2837 3646 aliis

542 3675 676 3727 locis
715 3693 868 3729 usum
905 3677 1175 3730 Lactantii
1213 3681 1422 3748 respexi
1460 3684 1623 3750 atque
1669 3683 1727 3734 in
1775 3687 2036 3752 apparatu
2074 3683 2278 3736 similes
2319 3683 2432 3735 eius
2470 3682 2631 3735 attuli
2666 3682 2835 3746 loc08‚

542 3767 828 3833 propterea
855 3764 959 3818 feci
992 3769 1134 3834 quia,
1156 3771 1218 3820 ut
1246 3769 1302 3820 in
1333 3768 1794 3838 disputationibus
1825 3772 1934 3825 illis
1970 3772 2203 3840 exposui,
2236 3772 2551 3841 scriptorem
2577 3770 2838 3824 Mortium

539 3851 871 3907 imitatorem
910 3871 1023 3907 esse
1063 3857 1321 3909 sermonis
1359 3857 1705 3912 Lactantiani
1745 3860 2008 3912 existimo.
2047 3861 2146 3913 Br.

610 3945 653 4007 Ἰ)
679 3941 758 3999 Cf.
811 3943 877 3997 de
924 3944 1026 3997 hac
1072 3961 1129 3998 re
1166 3946 1484 3999 Bauldrium
1531 3947 1785 4002 editionis
1833 3966 1960 4002 suae
2007 3950 2060 4002 in
2100 3949 2458 4004 Dedicatione
2505 3968 2556 4019 p.
2605 3950 2638 4003 8
2687 3953 2741 4003 et
2781 3950 2839 4002 in

538 4029 882 4085 Praefatione
930 4051 979 4102 p.
1022 4033 1080 4064 **
1117 4036 1165 4087 4.
1215 4035 1467 4088 Baluzius
1515 4037 1632 4105 ipse
1680 4038 1822 4106 apud
1869 4038 2186 4092 Bauldrium
2233 4041 2291 4092 in
2327 4039 2488 4093 Notis
2538 4038 2607 4093 ad
2644 4055 2759 4108 cap.
2804 4040 2830 4092 1

537 4117 628 4186 (ad
690 4119 894 4187 Templ.
949 4137 1089 4174 sacr.
1148 4124 1337 4194 enert.)
1403 4123 1537 4178 dicit
1601 4127 1677 4177 In
1731 4127 1923 4194 prima
1979 4127 2215 4182 editione
2267 4128 2495 4196 scripsi.
2521 4170 2531 4180 .
2554 4169 2565 4190 ,
2632 4127 2837 4180 similia

538 4223 652 4275 cap.
706 4209 774 4260 23
828 4208 896 4261 ad
953 4210 1106 4279 Quae
1152 4213 1386 4266 uictores
1439 4220 1493 4266 et
1543 4213 1807 4281 Injuriae
1854 4221 2019 4280 tutos;
2071 4235 2113 4272 c.
2163 4217 2231 4271 33
2280 4217 2348 4271 ad
2395 4217 2641 4271 Inducta
2678 4218 2836 4284 jann

538 4312 580 4347 c.
622 4295 691 4348 50
729 4296 797 4348 ad
845 4296 1151 4362 Valeriam3
1193 4301 1260 4353 al.
2605 4309 2608 4310 ⁷
