3132 5043
1116 433 1501 485 nominum
1561 437 1634 485 et
1689 448 1952 485 rerum.

398 627 626 692 mianus
689 626 981 691 (Galerius)
1037 629 1192 694 pater
1245 628 1330 690 (ut
1380 626 1497 679 Au·

411 719 628 784 yustus)
656 715 936 768 Maximini
967 715 1050 781 (ut
1083 714 1341 766 Caesaris
1366 714 1497 779 sut),

415 804 548 857 ibid.
605 804 728 867 217,
784 805 864 857 13.
917 803 1272 857 Maximianus
1313 802 1497 867 (Gale-

416 895 550 959 rius)
595 910 715 946 eum
744 886 1051 961 Augustum
1089 891 1368 944 nominare
1409 907 1498 943 co-

418 982 582 1050 gitat,
634 981 768 1035 ibid.
825 982 945 1044 196,
1003 981 1086 1033 10.
1140 980 1497 1033 Maximianus

422 1071 753 1137 (Herculius)
793 1070 1006 1132 metuit,
1045 1085 1113 1122 116
1142 1070 1497 1122 Maximianus

417 1160 712 1225 (Galerius)
771 1160 1002 1213 fortasse
1060 1158 1313 1211 adiuncto
1379 1158 1495 1210 Ma-

414 1250 615 1303 ximino
685 1252 872 1301 contra
937 1264 995 1301 se
1051 1248 1495 1316 proficisceretur,

415 1338 547 1391 ibid.
578 1340 700 1401 203,
732 1339 782 1391 8.
819 1337 1174 1390 Maximianus
1204 1334 1496 1401 (Galerius)

416 1427 708 1479 Maximino
761 1425 1028 1479 Licinium
1075 1425 1314 1493 praefert
1353 1425 1493 1490 (Au-

413 1522 632 1583 9u8tum
671 1515 899 1581 factum,
946 1514 1079 1567 ibid.
1119 1515 1240 1579 206,
1269 1513 1325 1582 4)
1363 1511 1493 1565 ibid.

420 1605 540 1666 222,
576 1605 659 1656 11.
698 1604 1021 1656 Maximinus
1060 1599 1495 1671 dignitate‘Cae-

312 1708 330 1727 ·
418 1693 549 1744 saris
608 1708 715 1744 non
774 1694 1061 1744 contentus
1128 1690 1194 1743 ab
1262 1690 1496 1744 exercitu

418 1784 698 1849 Augustus
765 1781 1091 1842 nominatuS‚
1159 1779 1498 1832 contumacia

330 1896 337 1900 -
417 1870 802 1923 Maximianum
836 1868 1154 1933 (Galerium)
1184 1868 1371 1928 uincit,
1405 1867 1496 1935 qui

418 1959 557 2012 hunc
588 1961 643 2011 et
672 1974 728 2010 se
760 1960 1037 2025 Augustos
1070 1957 1328 2026 appellat,
1360 1955 1492 2008 ibid.

419 2048 538 2108 210,
592 2046 857 2110 16-211,
897 2047 946 2098 6.
986 2045 1311 2097 Maximiano
1365 2043 1495 2110 (Ga-

416 2135 572 2204 lerio)
626 2134 796 2188 octies
849 2137 904 2186 et
954 2133 1244 2185 Maximino
1299 2133 1495 2186 iterum

419 2223 749 2285 consulibua,
780 2222 912 2276 ibid.
943 2224 1064 2284 214,
1094 2224 1144 2275 2.
1173 2221 1495 2275 Maximinus

418 2312 606 2365 nuntio
654 2311 845 2364 mortis
883 2311 1195 2365 Maximiani
1245 2309 1494 2377 (Galerii)

418 2400 602 2454 audito
658 2416 775 2453 cum
834 2400 1013 2452 omnia
1063 2400 1168 2452 sibi
1219 2416 1388 2468 usque
1428 2398 1496 2452 ad

416 2491 611 2544 fretum
671 2489 1093 2545 chalcedonium
1148 2489 1504 2549 uindicasset,

419 2579 689 2633 discordia
753 2596 871 2632 cum
928 2578 1133 2631 Licinio
1201 2594 1262 2632 ac
1325 2595 1495 2647 paene

417 2669 558 2722 bello
609 2670 791 2720 exorto
842 2685 962 2720 cum
1011 2684 1072 2720 eo
1113 2666 1305 2720 foedus
1344 2668 1493 2731 facit,

332 2799 336 2804 .
418 2758 548 2811 ibid.
617 2758 736 2820 214,
810 2756 1033 2809 11-18,
1100 2754 1495 2824 indulgentiam

417 2846 741 2901 Christianis
817 2844 998 2897 datam
1071 2845 1222 2897 tollit
1297 2861 1494 2914 eosque

419 2939 577 2987 uexat
652 2951 714 2987 ac
786 2934 1129 3003 persequitur
1211 2934 1494 2986 clementia

416 3024 651 3093 quadam
692 3023 961 3082 simulata,
1001 3021 1132 3074 ibid.
1156 3023 1366 3086 -215,
1411 3025 1491 3077 17.

424 3115 503 3167 19.
563 3111 912 3167 Constantini
963 3111 1163 3163 litteris
1204 3109 1494 3165 deterritus

420 3202 740 3266 dissimulat,
778 3199 911 3253 ibid.
940 3201 1061 3261 215,
1094 3200 1175 3252 18.
1207 3200 1494 3253 acerrimus

330 3321 331 3324 =
417 3291 592 3344 cultor
631 3289 852 3343 deorum
889 3288 1021 3342 ibid.
1064 3320 1126 3327 —
1168 3289 1288 3352 216,
1326 3292 1376 3342 4.
1413 3291 1491 3343 10.

419 3379 721 3432 exactiones
753 3378 885 3442 61118,
918 3378 1162 3440 auaritia,
1190 3377 1491 3441 effusioneS‚

416 3467 549 3521 ibid.
605 3497 673 3504 —
726 3467 848 3529 217,
902 3466 951 3518 3.
1007 3466 1126 3527 227,
1183 3467 1266 3519 14.
1324 3466 1492 3519 libido

328 3601 331 3602 ⁷
416 3557 531 3609 eius
588 3554 920 3621 foedissima,
975 3553 1107 3607 ibid.
1148 3586 1214 3594 -—
1264 3556 1384 3618 219,
1441 3556 1491 3609 2.

421 3644 685 3697 Valeriam
740 3642 1051 3695 Maximiani
1109 3642 1356 3713 (Galerii)
1412 3646 1492 3697 ui-

417 3734 576 3785 duam
614 3732 671 3784 in
708 3732 1106 3784 matrimonium
1136 3734 1381 3800 postulat
1411 3750 1491 3787 re·

415 3822 778 3891 pudiatusque
817 3820 1059 3885 (Valeria
1097 3821 1147 3873 61
1182 3821 1239 3873 id
1280 3839 1492 3890 quoque

417 3910 657 3979 negauit,
699 3926 754 3961 86
793 3909 849 3960 in
887 3909 1198 3962 Maximiani
1240 3911 1489 3980 [Galerii]

414 4002 556 4054 bona
584 4000 907 4053 hereditatis
939 4000 1052 4051 iure
1081 4016 1174 4051 suo
1207 4017 1490 4062 cessuram,

417 4091 535 4154 235,
593 4090 678 4153 16)
727 4088 1017 4156 proscribit
1064 4090 1119 4140 et
1167 4105 1285 4141 cum
1322 4092 1491 4142 matre

414 4179 471 4230 in
539 4177 755 4230 exilium
819 4176 1045 4244 relegat,
1103 4178 1300 4230 amicos
1360 4179 1491 4231 ami-

416 4282 614 4334 casque
673 4266 789 4318 eius
847 4269 1021 4328 necat,
1079 4265 1211 4318 ibid.
1262 4297 1329 4307 --
1370 4269 1489 4330 219,

418 4356 500 4408 21.
556 4358 669 4418 tres
728 4354 841 4407 eius
897 4354 1093 4408 amicas
1139 4356 1490 4409 iniustissime

453 4480 635 4520 XXVII.
667 4481 794 4520 Lact.
827 4483 867 4528 2,
901 4481 1007 4519 fase.
1039 4484 1079 4520 2.

2563 437 2703 499 ‘329

1625 625 1900 688 interficit,
1957 624 2089 679 ibid.
2145 655 2204 666 —
2245 627 2367 687 221,
2426 627 2475 679 7.
2531 626 2703 679 Maxi-

1627 714 1758 765 mini
1798 713 1970 766 exitus
2011 718 2067 767 et
2094 714 2249 767 ruina
2277 719 2540 778 narratur,
2571 714 2702 771 ibid.

1627 802 1748 863 222,
1803 804 1834 856 9
1887 819 1956 856 88.
2016 820 2132 857 cum
2187 803 2459 857 Maxentio
2510 803 2701 856 foedus

1626 890 1773 951 facit,
1826 894 1888 943 ut
1942 891 2145 945 bellum
2202 892 2426 945 inferret
2475 893 2700 954 Licinio,

1625 978 1754 1033 ibid.
1812 981 1933 1041 222,
1990 983 2055 1035 10
2095 1012 2160 1019 —-
2201 982 2321 1045 223,
2375 985 2422 1035 5.
2477 981 2702 1048 perfidia

1628 1069 1742 1120 eius
1808 1084 1839 1121 a
1906 1068 2266 1123 Constantino
2342 1070 2700 1139 cognoscitur,

1626 1157 1757 1210 ibid.
1805 1158 1927 1220 224,
1979 1159 2061 1211 16.
2111 1159 2332 1211 titulum
2390 1159 2548 1228 primi
2603 1176 2700 1211 no·

1623 1246 1800 1298 minis·
1840 1246 1944 1299 sibi
2000 1246 2330 1310 uindicabat,
2385 1245 2518 1300 ibid.
2578 1249 2697 1310 224,

1629 1336 1710 1388 19.
1753 1335 2126 1399 Constantino,
2165 1340 2454 1405 postquam
2481 1337 2699 1389 Maxen-

1624 1424 1732 1476 tius
1781 1425 1923 1493 apud
1971 1428 2192 1493 pontem
2229 1425 2491 1478 Muluium
2530 1425 2596 1477 ab
2638 1441 2698 1478 eo

1625 1513 1804 1566 uictus
1852 1516 1953 1578 est,
1991 1513 2305 1566 inimicitias
2354 1517 2537 1582 aperte
2574 1531 2698 1582 pro-

1624 1600 1825 1664 fitetur,
1865 1601 1997 1654 ibid.
2039 1602 2160 1663 224,
2197 1602 2277 1656 19.
2322 1619 2383 1655 eo
2423 1602 2698 1671 proposito

1622 1690 1826 1743 bellum
1867 1693 2051 1744 contra
2088 1690 2353 1744 Licinium
2400 1695 2599 1753 mouet,
2641 1694 2700 1743 ut

1626 1780 1861 1833 exercitu
1920 1780 2032 1832 eius
2088 1779 2470 1847 largitionibus
2527 1779 2595 1832 ad
2643 1797 2699 1831 se

1623 1871 1798 1921 tracto
1856 1869 1970 1922 sine
2027 1870 2317 1922 certamine
2381 1869 2566 1921 statim
2633 1869 2699 1921 ad

1627 1954 2042 2010 Constantinum
2093 1961 2360 2026 pergeret,
2407 1956 2538 2010 ibid.
2579 1958 2699 2021 227,

1628 2047 1711 2099 14.
1751 2063 1869 2099 cum
1910 2047 2144 2099 exercitu
2178 2062 2205 2098 6
2237 2045 2388 2114 Syria
2425 2047 2481 2098 in
2508 2045 2697 2114 Bithy·

1624 2135 1768 2187 niam
1785 2134 2162 2202 proficiscitur,
2175 2133 2369 2187 deinde
2380 2135 2696 2204 Byzantium

1625 2228 1682 2276 et
1704 2223 2019 2276 Heracleam
2045 2222 2402 2291 (Perinthum)
2417 2244 2429 2285 ;
2459 2222 2699 2276 Licinius

1626 2313 1675 2364 61
1732 2311 1979 2374 occurrit,
2035 2309 2168 2363 ibid.
2228 2311 2349 2375 225,
2398 2310 2429 2363 3
2471 2341 2535 2351 --
2575 2312 2697 2373 226,

1625 2403 1673 2455 7.
1715 2398 2081 2454 candidianus
2122 2401 2178 2451 et
2216 2397 2539 2451 Seuerianus
2579 2415 2697 2451 cum

1621 2488 1910 2543 Maximino
1960 2503 2120 2556 quam
2167 2503 2285 2540 cum
2324 2486 2532 2543 Licinio
2581 2502 2698 2540 esse

1620 2577 1912 2640 malebant,
1950 2575 2080 2628 ibid.
2121 2577 2242 2639 235,
2285 2576 2366 2629 15.
2409 2577 2541 2643 (12.)
2580 2577 2697 2629 Ma-

1622 2667 1853 2720 ximinus
1909 2665 1966 2718 id
2023 2668 2210 2722 uotum
2257 2664 2378 2718 Ioui
2428 2666 2596 2728 uouit,
2637 2669 2697 2717 ut

1625 2756 1675 2808 si*
1691 2755 1974 2808 uictoriam
1998 2754 2246 2823 cepisset,
2269 2753 2696 2807 Christianorum

1624 2861 1820 2897 nomen
1878 2844 2236 2911 extingueret,
2292 2842 2425 2896 ibid.
2484 2844 2605 2905 226,
2647 2845 2694 2895 9.

1622 2934 1881 2987 Kalendis
1929 2933 2082 2997 Mais,
2134 2949 2272 3002 quae
2311 2935 2560 2986 octauum
2603 2937 2696 2985 an-

1622 3041 1749 3076 num
1787 3022 2204 3091 nuncupationis
2254 3022 2366 3074 eius
2414 3021 2696 3090 inplebant

1625 3114 1768 3178 (226,
1799 3112 1884 3165 28.
1916 3111 2038 3172 228,
2073 3113 2163 3176 1.),
2191 3111 2246 3162 111
2279 3127 2467 3178 campo
2497 3110 2695 3163 Sereno

1621 3202 1766 3270 (227,
1808 3202 1861 3270 6)
1901 3217 1932 3253 a
1971 3200 2178 3253 Licinio
2218 3200 2394 3251 uictus
2435 3202 2534 3261 est,
2564 3198 2694 3250 ibid.

1623 3292 1744 3352 226,
1785 3291 2014 3355 8-228,
2045 3291 2094 3343 3.
2126 3289 2271 3357 fugit
2305 3288 2694 3348 Nicomediam,

1625 3380 1817 3432 deinde
1858 3396 1977 3431 cum
2014 3378 2140 3430 filiis
2180 3382 2236 3430 et
2272 3393 2433 3429 uxore
2471 3377 2527 3428 in
2557 3376 2696 3445 Cap-

1622 3468 1921 3538 padociam,
1962 3466 2094 3519 ibid.
2134 3466 2254 3528 228,
2286 3465 2442 3519 3—8.
2484 3466 2694 3518 Seueri-

1623 3573 1756 3609 anus
1809 3554 2112 3624 fugientem
2166 3570 2225 3605 ex
2274 3553 2386 3605 acie
2435 3554 2693 3621 sequitur,

1621 3644 1752 3699 ibid.
1794 3645 1917 3705 235,
1960 3644 2040 3698 12.
2071 3643 2393 3695 Maximinus
2422 3643 2694 3696 Valeriam

1622 3751 1687 3786 ne
1727 3737 1851 3801 post
1887 3734 2071 3801 fugam
2110 3730 2326 3800 quidem
2365 3748 2515 3784 suam
2555 3733 2693 3784 occi·

1623 3823 1748 3876 dere
1788 3839 1948 3876 ausus
1987 3824 2087 3880 est,
2125 3819 2255 3872 ibid.
2296 3820 2415 3884 235,
2447 3821 2494 3873 3.
2536 3837 2567 3872 a
2603 3821 2694 3872 Li-

1622 3913 1759 3965 cinio
1801 3913 1986 3981 pulsus
2025 3909 2178 3963 Tarsi
2223 3925 2428 3961 ueneno
2479 3914 2692 3977 sumpto

1620 4003 1866 4062 moritur,
1924 4000 2055 4054 ibid.
2112 3999 2234 4062 233,
2292 3998 2556 4059 21—234,
2606 3999 2692 4050 21.

1620 4089 1899 4143 Maximini
1955 4089 2054 4141 filii
2112 4091 2166 4140 et
2217 4103 2362 4150 uxor,
2401 4086 2533 4142 ibid.
2572 4087 2693 4151 228,

1621 4180 1669 4232 6.
1721 4179 1835 4231 61118
1882 4177 2052 4229 filium
2097 4176 2388 4228 maximum
2436 4178 2491 4228 et
2527 4176 2693 4229 filiam

1622 4272 1951 4336 septennem,
2002 4282 2137 4333 quae
2198 4264 2464 4333 desponsa
2519 4263 2696 4316 suerat

1621 4356 1972 4419 CandidianO,
2013 4356 2251 4409 Licinius
2301 4355 2549 4408 extinxit:
2602 4356 2694 4406 sed

2554 4461 2620 4512 22
