3132 5043
1230 440 1614 492 nominum
1675 443 1746 491 et
1802 456 2066 492 rerum.

530 635 872 689 satellitibus
937 635 1046 688 suis
1106 633 1395 687 debellasti
1447 631 1504 685 11
1562 633 1615 685 M

534 726 663 787 189,
695 726 777 780 23.
819 726 951 778 deus
982 741 1166 777 omnes
1196 723 1422 777 insidias
1451 726 1615 791 atque

530 814 776 881 impetus
825 813 1028 866 diaboli
1078 830 1108 864 a
1153 813 1353 882 populo
1394 829 1490 865 suo
1530 829 1613 864 ar-

532 907 662 956 ceat
717 902 771 955 11
825 903 883 954 M
938 903 1059 965 238,
1117 903 1165 955 2.
1220 900 1447 953 credunt
1497 901 1613 969 qui-

531 991 662 1045 dam
683 991 949 1044 Neronem
980 990 1185 1043 diaboli
1210 1006 1610 1058 praecursorem

528 1080 652 1133 fore
690 1080 746 1132 II
779 1080 836 1132 M
869 1080 989 1143 176,
1021 1081 1066 1132 1.
1106 1079 1357 1147 princeps
1397 1077 1612 1130 daemo-

528 1186 663 1221 num
715 1168 819 1221 erit
864 1168 921 1219 in
969 1165 1217 1220 custodia
1261 1165 1411 1218 mille
1459 1165 1612 1218 annis

531 1257 787 1310 caelestis
833 1256 1048 1325 imperii
1082 1255 1109 1308 I
1146 1256 1268 1317 659,
1309 1256 1357 1308 6.
1397 1256 1522 1317 665,
1560 1255 1609 1308 8.

529 1348 657 1409 759,
679 1350 726 1401 5.
756 1346 1000 1398 soluetur
1029 1343 1204 1397 denuo
1236 1347 1399 1413 atque
1426 1360 1610 1396 omnes

528 1438 726 1502 gentes
784 1433 1040 1487 aduersus
1088 1434 1259 1487 iustos
1312 1434 1612 1487 concitabit

526 1524 558 1576 I
600 1524 719 1584 665,
760 1524 806 1576 8.
850 1524 969 1585 759,
1018 1523 1105 1576 23.
1146 1522 1613 1592 conprehendetur

527 1616 698 1682 atque
746 1615 1006 1682 perpetuo
1055 1612 1172 1681 igni
1221 1611 1547 1664 cremabitur
1584 1612 1611 1664 Ι

527 1703 658 1765 666,
698 1703 782 1755 21.
823 1732 889 1740 -
931 1700 998 1753 cf.
1041 1700 1495 1754 daemoniarcheS.

433 1791 728 1860 Diagoras
782 1790 977 1844 Melius
1036 1790 1229 1843 atheus
1299 1791 1608 1843 nominatus

523 1880 589 1932 II
626 1880 711 1942 83,
754 1879 815 1932 18
846 1896 912 1934 ss.
957 1878 1085 1932 deos
1126 1880 1352 1932 exclusit
1388 1879 1415 1931 I
1444 1881 1491 1940 6,
1525 1879 1606 1932 14.

522 1968 739 2020 nullum
779 1984 893 2021 esse
936 1967 1094 2021 deum
1135 1966 1271 2021 dixit
1306 1968 1363 2020 11
1402 1968 1488 2029 83,
1522 1968 1605 2022 19.

523 2057 618 2119 84,
657 2056 814 2108 2-7.
856 2057 941 2115 93,
984 2056 1066 2110 11.
1164 2130 1167 2131 7

434 2144 747 2198 dialectica
783 2146 810 2198 Ι
848 2146 971 2206 212,
1011 2146 1095 2198 21.

431 2234 633 2287 Diana
684 2236 740 2287 et
784 2234 1111 2303 Hippolytus
1163 2235 1190 2287 Ι
1229 2236 1314 2297 66,
1358 2236 1440 2289 19.
1497 2251 1604 2287 11011

522 2324 680 2375 casta
706 2322 734 2375 Ι
763 2322 884 2386 682,
915 2324 1002 2376 24.
1039 2323 1249 2376 Dianae
1290 2322 1433 2391 apud
1463 2324 1604 2376 Tau-

518 2428 614 2463 ros
669 2411 912 2480 hospites
968 2412 1235 2465 immolati
1289 2412 1316 2464 Ι
1375 2412 1459 2477 78,
1517 2413 1603 2465 25.

464 2512 471 2515 4
520 2499 649 2564 688,
696 2499 780 2554 18.

426 2590 819 2643 Dicaearchus
859 2591 1061 2643 animas
1102 2608 1220 2644 cum
1261 2607 1480 2659 corpore
1519 2591 1603 2643 in-

517 2680 689 2732 terire
729 2682 1136 2749 argumentatus
1175 2682 1260 2733 est
1296 2679 1324 2731 I
1362 2681 1483 2744 234,
1518 2680 1600 2732 16.

519 2768 651 2831 608,
691 2769 739 2821 7.
790 2769 911 2830 610,
955 2769 1035 2821 10.
1087 2769 1207 2830 627,
1246 2769 1296 2821 2.
1345 2770 1464 2831 755,
1516 2771 1599 2822 14.

430 2857 568 2910 dies
611 2859 819 2926 septem
862 2856 1055 2926 quibus
1086 2859 1213 2910 anni
1243 2858 1602 2911 conficiuntur

514 2947 546 2999 I
588 2947 710 3008 629,
756 2947 836 2999 11.
891 2945 1005 2999 dies
1055 2949 1110 2998 et
1154 2963 1257 2999 nox
1304 2947 1331 2999 Ι
1374 2948 1490 3010 143,
1531 2948 1600 3000 22

515 3053 595 3088 88.
637 3035 751 3088 dies
792 3035 878 3088 dei
917 3038 1000 3088 est
1040 3038 1095 3088 et
1127 3052 1288 3088 uerae
1318 3036 1598 3104 religionis

510 3125 704 3193 imago
743 3124 770 3177 I
810 3126 928 3187 144,
959 3126 1008 3178 2.
1039 3126 1088 3177 6.
1118 3126 1166 3177 7.
1207 3124 1321 3177 dies
1361 3141 1449 3177 sex
1478 3125 1596 3192 qui·

511 3215 623 3267 bus
652 3213 880 3265 mundus
912 3217 1309 3266 consummatus
1340 3217 1440 3276 est,
1468 3212 1598 3282 quid

515 3302 831 3371 significent
867 3301 895 3354 Ι
932 3302 1055 3365 629,
1093 3302 1124 3354 6
1163 3318 1233 3358 88.
1273 3301 1387 3354 dies
1426 3302 1594 3371 septi·

512 3407 640 3443 mus
671 3390 930 3458 (sabbati)
963 3390 1093 3459 quid
1122 3391 1391 3459 significet
1419 3390 1446 3443 I
1468 3392 1593 3456 629,

515 3482 551 3534 8
585 3497 654 3532 88.
696 3479 810 3532 dies
847 3495 1075 3546 magnus
1115 3479 1202 3532 dei
1239 3480 1388 3533 mille
1427 3497 1593 3533 anno·

513 3586 637 3622 rum
674 3568 702 3621 I
739 3569 862 3632 629,
902 3569 986 3622 17.
1026 3569 1147 3633 630,
1184 3570 1234 3622 4.

428 3658 615 3727 digiti
650 3657 707 3710 II
745 3658 831 3721 37,
871 3657 1064 3710 8—23.
1104 3657 1300 3727 pedum
1338 3657 1394 3710 H
1422 3658 1510 3721 48,
1540 3659 1590 3711 8.

511 3746 777 3799 maximus
816 3762 1000 3799 eorum
1034 3746 1091 3798 11
1126 3747 1213 3809 48,
1258 3747 1338 3800 11.

429 3835 712 3889 diluuium
748 3833 776 3886 1
817 3834 936 3898 148,
971 3835 1053 3888 15.
1087 3836 1203 3898 151,
1238 3836 1318 3889 13.
1357 3837 1471 3899 160,
1504 3837 1588 3889 14.

514 3925 638 3988 695,
692 3925 737 3977 1.
789 3923 1052 3976 diluuium
1100 3941 1358 3992 aquarum
1402 3925 1430 3977 I
1472 3925 1587 3988 151,

516 4014 601 4066 11.
643 4012 1000 4081 cataclysmus
1026 4011 1054 4064 Ι
1086 4012 1203 4076 148,
1237 4014 1318 4067 19.
1349 4014 1434 4067 25.
1465 4014 1587 4078 694,

513 4102 601 4157 26.
640 4101 696 4154 11
738 4102 856 4164 126,
893 4103 946 4153 4.

425 4190 818 4244 Diocletianus
866 4192 992 4242 ante
1036 4190 1317 4259 imperium
1369 4192 1587 4246 Diocles

513 4280 812 4334 uocabatur
860 4279 916 4333 ΙΙ
953 4280 1010 4333 M
1049 4281 1166 4342 183,
1207 4281 1292 4334 26.
1349 4281 1584 4344 Diocles,

510 4368 642 4422 ibid.
691 4370 815 4432 206,
867 4370 916 4425 3.
966 4370 1087 4432 216,
1127 4372 1175 4425 5.
1235 4387 1266 4423 8
1316 4370 1582 4434 Dioclete,

2685 443 2815 505 303

1742 632 1873 685 ibid.
1905 635 2025 695 237,
2052 634 2134 687 10.
2163 634 2384 686 1)1οο188
2412 634 2610 685 iterum
2638 633 2814 686 factus

1744 726 1843 785 est,
1900 721 2032 774 ibid.
2095 724 2211 782 195,
2271 723 2353 774 11.
2423 722 2813 783 DiocletianuS,

1743 810 2002 863 scelerum
2040 811 2295 863 inuentor
2323 814 2378 863 et
2405 810 2665 863 malorum
2700 827 2813 863 ma-

1743 899 2004 961 chinator,
2060 915 2178 951 cum
2228 897 2564 967 disperderet
2615 898 2811 959 omnia,

1740 1003 1807 1039 ne
1847 1004 1878 1040 a
1918 985 2018 1040 deo
2058 988 2275 1056 quidem
2312 1004 2500 1041 manus
2529 987 2810 1047 abstinuit,

1739 1075 1870 1128 ibid.
1915 1077 2034 1143 179,
2073 1078 2158 1129 25.
2204 1093 2313 1128 rem
2352 1076 2621 1145 publicam
2660 1091 2810 1128 euer-

1739 1165 1826 1225 tit,
1883 1164 2016 1217 ibid.
2075 1166 2193 1229 184,
2244 1166 2294 1218 4.
2351 1169 2462 1218 tres
2517 1165 2809 1234 participes

1739 1254 1893 1322 regni
1940 1254 2022 1306 sui
2067 1254 2198 1307 fecit
2244 1255 2299 1306 in
2341 1257 2595 1322 quattuor
2629 1258 2810 1321 partes

1741 1343 1867 1395 orbe
1920 1342 2111 1405 diuiso,
2149 1343 2281 1419 ibid.
2324 1343 2442 1405 180,
2482 1344 2638 1396 2-6.
2698 1343 2810 1395 8188

1739 1431 2043 1500 dispositio,
2091 1436 2153 1485 ut
2201 1432 2303 1486 duo
2354 1434 2464 1486 sint
2511 1434 2566 1485 in
2613 1450 2669 1485 re
2711 1450 2809 1501 pu-

1736 1519 1881 1573 blica
1918 1522 2164 1584 111810188,
2206 1522 2298 1590 qui
2338 1539 2597 1575 summam
2634 1538 2808 1574 1818111

1735 1612 1976 1672 teneant,
2006 1610 2140 1662 item
2167 1610 2270 1663 duo
2301 1611 2552 1673 minores,
2580 1611 2672 1678 qui
2702 1611 2811 1662 sint

1738 1698 2066 1761 adiumento,
2114 1698 2246 1754 ibid.
2289 1701 2406 1764 192,
2446 1701 2531 1753 21.
2588 1700 2808 1769 prouin-

1738 1788 1851 1841 ciae
1881 1789 1937 1841 in
1966 1789 2137 1842 frusta
2167 1790 2433 1852 concisae;
2467 1789 2626 1841 multi
2653 1805 2809 1858 prae-

1737 1876 1898 1939 811188,
1947 1878 2259 1941 1811088188,
2304 1879 2572 1946 magistri,
2623 1878 2809 1930 uicarii

1734 1966 2145 2034 praefectorum,
2171 1966 2303 2020 ibid.
2331 1967 2449 2029 180,
2471 1968 2663 2019 9—14.
2696 1967 2809 2019 eius

1734 2053 2063 2106 insatiabilis
2113 2054 2357 2117 auaritia,
2407 2054 2539 2107 ibid.
2592 2055 2708 2116 180,
2763 2057 2808 2108 1.

1738 2143 1820 2195 17.
1897 2143 2189 2196 enormitas
2255 2143 2610 2197 indictionum
2677 2145 2807 2207 81118,

1734 2230 1865 2283 ibid.
1909 2231 2025 2295 180,
2067 2233 2115 2285 7.
2160 2234 2237 2286 14.
2277 2232 2457 2300 legem
2494 2233 2684 2301 pretiis
2721 2250 2806 2285 re-

1732 2337 1850 2372 rum
1904 2321 2176 2374 uenalium
2234 2322 2429 2374 statuit
2484 2322 2807 2375 necessitate

1731 2409 1853 2478 ipsa
1897 2413 2023 2478 post
2070 2409 2363 2462 multorum
2403 2409 2622 2463 exitium
2660 2410 2805 2464 solu-

1732 2500 1862 2563 tam,
1895 2498 2026 2552 ibid.
2061 2499 2177 2562 180,
2212 2498 2474 2562 19-181,
2508 2500 2554 2552 1.
2593 2500 2805 2553 infinita

1732 2587 1846 2641 eius
1886 2587 2155 2658 cupiditas
2195 2587 2533 2652 aedificandi,
2570 2606 2676 2658 qua
2703 2588 2803 2642 Ni-

1731 2676 2027 2729 comediam
2082 2676 2202 2729 urbi
2248 2677 2450 2730 Romae
2507 2694 2802 2746 coaequare

1730 2765 2002 2830 studebat,
2059 2766 2191 2819 ibid.
2254 2768 2370 2830 181,
2433 2767 2620 2821 1-11.
2688 2768 2801 2820 eius

1727 2854 1898 2906 frater
1923 2855 2279 2909 Maximianus
2299 2856 2648 2922 (Herculius),
2668 2855 2799 2908 ibid.

1731 2942 1848 3006 181,
1883 2945 1964 2999 17.
2005 2945 2119 2997 81118
2158 2961 2325 3014 gener
2353 2946 2491 2998 alter
2516 2946 2799 2999 Maximia-

1724 3048 1826 3084 nus
1868 3031 2180 3100 (Galerius)‚
2217 3033 2349 3086 ibid.
2394 3034 2512 3098 182,
2557 3036 2638 3089 16.
2675 3035 2796 3096 206,

1725 3122 1774 3175 3.
1851 3138 1972 3175 811111
2044 3124 2347 3176 nominauit
2416 3124 2797 3177 Maximianum

1725 3211 1919 3263 ominis
1977 3229 2155 3276 causa,
2211 3212 2343 3266 ibid.
2396 3203 2513 3279 194,
2565 3214 2648 3268 10.
2707 3230 2799 3266 cur

1725 3316 1846 3352 eum
1892 3302 2166 3365 metuerit,
2215 3301 2346 3355 ibid.
2400 3302 2518 3364 183,
2567 3305 2615 3358 5.
2677 3319 2794 3355 811111

1723 3392 1911 3442 contra
1964 3390 2227 3443 Narseum
2282 3407 2463 3459 regem
2510 3392 2793 3446 Persarum

1720 3478 1910 3541 mittit,
1937 3479 2069 3532 ibid.
2104 3480 2224 3542 183,
2254 3483 2303 3534 9.
2343 3481 2408 3534 ab
2449 3497 2511 3533 eo
2551 3484 2791 3535 contem-

1719 3570 1863 3636 ptus,
1902 3568 2033 3621 ibid.
2079 3570 2195 3633 183,
2236 3571 2321 3623 25.
2374 3587 2581 3622 summa
2616 3569 2790 3624 felici·

1719 3660 1835 3709 tate
1863 3659 2131 3727 regnauit,
2164 3657 2421 3727 quamdiu
2447 3675 2635 3712 manus
2665 3676 2788 3712 suas

1719 3747 1983 3799 iustorum
2021 3748 2280 3816 sanguine
2318 3764 2425 3822 11011
2461 3747 2787 3816 inquinaret,

1717 3836 1847 3889 ibid.
1904 3836 2021 3900 184,
2059 3838 2107 3889 3.
2151 3837 2267 3898 190,
2307 3837 2392 3889 21.
2451 3853 2609 3904 quam
2661 3854 2786 3889 cau-

1717 3942 1828 3977 sam
1866 3916 2121 3979 habuerit
2152 3925 2432 3978 ecclesiam
2459 3942 2785 3994 persequen-

1718 4013 1788 4078 di,
1828 4014 1958 4067 ibid.
2002 4015 2121 4078 184,
2149 4015 2379 4078 4—185‚
2411 4016 2459 4068 2.
2499 4016 2554 4068 in
2592 4015 2785 4085 Bithy-

1713 4103 1858 4155 niam
1905 4104 2059 4157 uenit
2109 4104 2422 4166 hiematum,
2477 4105 2609 4159 ibid.
2665 4107 2783 4173 184,

1715 4194 1799 4245 23.
1840 4192 1905 4245 de
1942 4193 2316 4262 persecutione
2354 4192 2783 4250 Christianorum

1715 4299 1833 4336 cum
1853 4282 2175 4336 Maximiano
2203 4281 2465 4348 (Galerio)
2500 4285 2780 4338 consilium

1710 4371 1877 4424 habet
1934 4388 2158 4439 eamque
2211 4373 2327 4425 fieri
2376 4373 2599 4442 patitur,
2647 4374 2778 4428 ibid.
