3132 5043
1170 456 1279 509 lib
1303 473 1330 509 e
1351 473 1377 508 r
1424 472 1467 509 c.
1506 455 1739 509 42—44.
2467 456 2595 519 223

305 653 587 717 tiabilem
633 653 886 717 finxisse
935 652 1316 717 discordiam
1366 671 1512 716 cum
1557 652 1712 731 filio,
1753 655 1826 716 ut
1864 652 1943 716 ad
1980 653 2139 716 alios
2180 651 2598 716 succidendos

262 760 474 824 ‘uiam
524 759 648 824 sibi
693 759 950 838 faceret,
1000 760 1231 840 quibus
1283 759 1580 824 omnibus
1630 759 1901 824 sublatis
1953 759 2074 824 sibi
2119 778 2189 822 ac
2227 758 2356 822 filio
2395 758 2597 823 totius

307 867 473 931 orbis
531 866 868 949 imperium
924 865 1299 931 uindicaret.
1394 865 1508 929 sed
1553 865 1622 930 id
1668 865 1902 929 falsum
1950 865 2093 929 fuit.
2157 884 2302 928 nam
2349 863 2416 927 id
2459 883 2599 946 pro·
2652 867 2689 921 6

304 973 496 1056 positi
545 972 837 1049 habebat,
886 975 960 1036 ut
1006 974 1070 1036 et
1115 971 1245 1036 filio
1296 977 1360 1036 et
1406 972 1633 1036 ceteris
1683 972 1977 1036 extinctis
2028 990 2093 1037 se
2143 990 2213 1035 ac
2260 971 2638 1035 Diocletia--

248 1104 271 1142 5
304 1100 451 1144 num
496 1080 866 1144 restitueret
912 1080 977 1143 in
1023 1094 1309 1162 regnum.

389 1187 495 1249 44.
590 1187 725 1249 Iam
772 1189 948 1249 mota
991 1185 1157 1249 inter
1204 1204 1312 1250 eos
1358 1186 1611 1249 fuerant
1658 1204 1830 1249 arma
1876 1185 2109 1250 ciuilia.
2181 1187 2244 1248 et
2305 1183 2598 1266 quamuis
2657 1186 2682 1239 1

306 1312 369 1356 se
433 1292 797 1356 Maxentius
852 1292 1093 1356 Romae
1161 1292 1528 1368 contineret,
1593 1292 1763 1374 quod
1826 1311 2204 1374 responsum
2272 1295 2602 1375 acceperat

303 1400 658 1482 periturum
717 1418 875 1473 esse,
936 1400 991 1464 si
1049 1402 1222 1463 extra
1275 1403 1491 1482 portas
1548 1398 1724 1463 urbis
1783 1400 2034 1476 exisset,
2091 1403 2302 1463 tamen
2357 1399 2600 1463 bellum

301 1526 407 1590 per
443 1506 709 1570 idoneos
750 1501 945 1569 duces
987 1507 1341 1588 gerebatur.
1433 1506 1580 1588 plus
1619 1506 1852 1569 uirium
1884 1505 2204 1570 Maxentio
2245 1508 2397 1581 erat,
2431 1504 2601 1587 quod
2655 1508 2690 1560 2

222 1635 266 1675 ιο
304 1619 364 1677 et
408 1612 612 1695 patris
662 1613 762 1676 sui
811 1613 1155 1676 exercitum
1202 1615 1527 1693 receperat
1574 1632 1610 1676 a
1658 1612 1890 1677 Seuero
1941 1616 2003 1676 et
2049 1631 2239 1678 suum
2276 1612 2601 1695 proprium

302 1721 374 1783 de
429 1720 679 1784 Mauris
746 1723 934 1801 atque
994 1719 1285 1784 Gaetulis
1352 1739 1551 1802 nuper
1617 1722 1983 1784 extraxerat.
2078 1719 2469 1796 dimicatum,
2539 1721 2602 1782 et
2654 1722 2687 1777 3

299 1826 687 1891 Maxentiani
724 1828 962 1892 milites
999 1827 1471 1909 praeualebant,
1505 1826 1703 1891 donec
1740 1829 1966 1909 postea
1995 1827 2362 1891 confirmato
2394 1826 2599 1889 animo

303 1932 757 1998 Constantinus
808 1937 871 1998 et
917 1933 995 1997 ad
1041 1938 1382 2015 utrumque
1429 1937 1689 2016 paratus
1740 1933 1954 2016 copias
2006 1952 2221 1997 omnes
2262 1932 2342 1996 ad
2378 1932 2602 1996 urbem

299 2039 563 2122 propius
612 2038 903 2103 admouit
950 2042 1013 2103 et
1060 2058 1091 2102 e
1140 2039 1396 2122 regione
1443 2038 1659 2120 pontis
1705 2038 1939 2102 Muluii
1993 2038 2301 2102 consedit.
2395 2036 2602 2100 immi·
2653 2042 2691 2093 4

220 2169 266 2209 15
300 2146 490 2210 nebat
559 2144 692 2209 dies
764 2166 887 2228 quo
943 2146 1303 2209 Maxentius
1360 2145 1697 2227 imperium
1755 2148 2026 2228 ceperat,
2086 2145 2194 2226 qui
2260 2146 2360 2208 est
2425 2163 2479 2207 a.
2540 2143 2597 2209 d.

301 2255 551 2316 sextum
596 2251 916 2316 Kalendas
962 2252 1381 2328 Nouembres,
1432 2254 1495 2316 et
1542 2251 2032 2334 quinquennalia
2077 2251 2599 2315 terminabantur.

301 2358 730 2423 commonitus
790 2361 888 2422 est
940 2359 1004 2422 in
1062 2359 1275 2440 quiete
1333 2358 1812 2436 ConstantinuS,
1871 2361 1945 2421 ut
2005 2358 2278 2423 caeleste
2344 2356 2597 2441 signum
2652 2363 2687 2416 5

301 2464 396 2529 dei
444 2468 698 2529 notaret
743 2465 805 2528 in
857 2466 1059 2530 scutis
1110 2469 1297 2547 atque
1344 2465 1436 2531 ita
1480 2466 1791 2549 proelium
1841 2465 2286 2531 committeret.
2336 2464 2490 2530 facit
2524 2466 2600 2529 ut

296 2572 518 2636 iussus
570 2575 668 2636 est
716 2576 780 2636 et
823 2576 1190 2637 transuersa
1234 2574 1292 2637 X
1337 2573 1573 2651 littera,
1626 2591 1874 2638 summo
1924 2573 2129 2656 capite
2179 2571 2598 2649 circumflexO,

217 2704 265 2744 20
302 2676 629 2742 Christum
676 2678 740 2741 in
790 2679 992 2743 scutis
1039 2682 1236 2749 notat.
1331 2695 1454 2762 quo
1504 2679 1686 2763 signo
1736 2681 2014 2743 armatus
2064 2678 2372 2742 exercitus
2431 2678 2601 2759 capit
2654 2686 2690 2738 6

298 2783 556 2848 ferrum.
631 2785 916 2867 procedit
980 2785 1185 2851 hostis
1253 2786 1507 2850 obuiam
1576 2786 1710 2849 sine
1774 2786 2150 2867 imperatore
2216 2788 2603 2868 pontemque

475 3097 680 3151 LOCI
709 3097 1167 3153 AVCTORVM
1196 3097 1811 3152 EXPILATORVM
1844 3097 2187 3152 SIMJLES
2304 3101 2369 3153 12
2409 3101 2602 3154 confir-

300 3187 769 3256 mato—paratus]
811 3186 877 3240 cf.
917 3186 1122 3255 Vergil.
1160 3187 1295 3241 Aen.
1334 3186 1391 3239 ΙῘ
1429 3187 1515 3240 61.

297 3399 470 3452 scissa
517 3402 611 3459 eet,
652 3396 789 3462 fort.
830 3397 997 3451 etiam
1037 3399 1060 3410 ”
1102 3414 1277 3465 supra
1323 3415 1358 3450 u
1404 3398 1646 3464 interiit,-
1701 3397 2078 3451 detestabilem
2133 3399 2210 3453 18.
2268 3399 2495 3454 Vossius
2551 3406 2602 3454 et

302 3485 416 3548 alii,
456 3484 843 3555 inexpiabilem
884 3489 981 3552 (sc.
1021 3485 1372 3553 discordiam)
1415 3486 1711 3549 Gramine,
1754 3487 2106 3540 execrabilem
2143 3488 2321 3542 Halm

373 3574 396 3624 1
449 3571 821 3626 succedendos
864 3573 924 3635 C,
962 3563 1099 3626 corr.
1138 3573 1284 3639 Baz,·
1320 3573 1645 3627 occidendos
1682 3574 1987 3628 Heumann
2103 3606 2107 3609 <
2167 3576 2200 3627 2
2248 3576 2495 3631 sublatus
2539 3579 2601 3644 Ο,

300 3676 435 3714 corr.
474 3661 595 3714 Bal
732 3662 763 3714 6
802 3661 1019 3714 fuerunt
1053 3661 1356 3715 Heumann
1492 3663 1524 3715 8
1565 3679 1681 3716 esse
1706 3671 1827 3721 <se>
1857 3663 2118 3731 Cuperm,
2145 3670 2265 3723 <se>
2291 3682 2407 3720 esse
2442 3667 2599 3720 Heu-

298 3766 472 3804 mann
610 3751 642 3803 9
679 3749 904 3803 idoneos
944 3750 1107 3804 duces
1145 3751 1277 3814 Bal,
1316 3750 1543 3805 idoneos
1584 3751 1776 3804 ducere
1822 3751 1868 3805 G
2036 3754 2261 3822 gerebat
2296 3755 2600 3808 Heumann

305 3838 363 3890 11
407 3836 657 3891 Gaetulis
695 3839 1017 3901 Heumann,
1057 3840 1203 3892 italis
1249 3840 1294 3892 C
1437 3839 1765 3894 demicatum
1808 3841 1854 3895 O
1996 3842 2310 3896 dimicatum
2340 3845 2440 3896 est.
2480 3845 2598 3896 Ma-

300 3926 541 3979 xentiani
568 3925 876 3981 Heumann
989 3929 1053 3982 13
1090 3928 1147 3981 in
1185 3931 1473 3998 utrumque
1512 3933 1732 3999 paratus
1773 3931 1969 4000 Veryil.
2085 3931 2150 3984 14
2188 3931 2338 3984 muln
2369 3931 2429 3995 C,
2460 3948 2596 3986 corr.

301 4014 417 4068 Bal
543 4016 609 4070 15
648 4015 718 4069 ad
758 4018 966 4068 sextum
1001 4017 1065 4069 kl
1100 4009 1287 4071 nou'br.
1333 4019 1391 4080 C,
1431 4034 1568 4072 corr.
1616 4019 1860 4085 Tollius;
1898 4019 1976 4072 ad
2013 4019 2082 4073 ad
2116 4020 2407 4073 Bentleius
2435 4021 2497 4073 A.
2531 4022 2599 4076 D.

305 4107 451 4166 (ante
491 4103 602 4172 die)
645 4106 872 4172 aserim.
998 4107 1062 4160 16
1103 4106 1490 4175 quinquenalia
1532 4107 1591 4171 Ο,
1630 4124 1766 4161 corr.
1804 4108 1925 4161 Bal
2049 4109 2112 4161 17
2153 4109 2371 4173 celeste,
2410 4115 2527 4164 tert.
2571 4127 2597 4163 e

304 4208 366 4244 ex
400 4192 438 4256 i,
482 4191 529 4246 0
658 4193 724 4246 18
761 4193 895 4247 facit
934 4211 1244 4263 anonymus
1271 4212 1331 4262 p.
1377 4200 1467 4258 63,
1507 4196 1639 4249 fecit
1681 4197 1728 4250 Ο
1842 4197 1910 4251 20
1951 4197 2225 4252 Christum
2267 4199 2512 4266 Cuperus
2550 4205 2600 4253 et

306 4280 426 4344 alii,
481 4286 584 4350 xpo
641 4280 711 4348 0,-
767 4282 1103 4336 circumfiexo
1163 4282 1378 4338 Christo
1435 4285 1553 4339 Bal
1597 4286 1662 4338 in
1707 4286 1939 4340 Erratis
1985 4287 2064 4341 ed.
2113 4290 2265 4341 1679
2315 4288 2602 4356 defendere

307 4374 531 4437 temptat
642 4370 705 4422 21
748 4374 1040 4440 potemque
1083 4371 1141 4435 Ο,
1182 4388 1317 4429 corr.
1359 4373 1475 4427 Bal
