3132 5043
871 479 1277 532 rerumque
1334 467 2038 533 grammat-icarum.
2482 472 2612 533 529

349 655 456 717 183,
498 656 578 711 15.
620 671 682 708 eo
721 672 935 710 reuerso
975 656 1000 708 I
1044 657 1160 719 100,
1201 657 1249 709 8.
1294 673 1407 709 rur·
1537 658 1604 711 ab
1653 660 1738 711 his
1763 660 1999 714 obsceni
2038 662 2238 713 umoris
2278 662 2521 715 oriantur
2557 662 2612 715 11

342 760 426 797 sus
462 745 662 798 reuerti
703 745 729 797 I
770 747 891 811 752,
934 747 1015 799 15.
1533 748 1621 810 48,
1661 749 1746 805 23,
1786 780 1852 787 ——
1891 749 1947 802 ΙΙ
1983 751 2068 813 43,
2110 751 2157 805 9.

277 831 535 886 reuincere
591 834 619 886 Ι
665 834 789 895 403,
839 834 887 887 8.
947 834 1167 903 aliquid
1212 834 1239 887 1
1288 835 1406 896 178,
1463 836 1705 905 rigentes
1745 837 1801 890 ΙΙ
1840 839 1924 901 29,
1973 840 2048 891 10.

342 923 416 974 15.
463 922 519 976 II
569 924 687 983 123,
744 922 824 976 10.
884 924 1123 991 aliquem
1168 923 1193 975 I
1231 926 1319 987 25,
1358 925 1405 975 9.
1462 923 1673 992 rigidus
1713 926 1766 978 11
1795 926 1880 990 37,
1916 927 1959 978 1.
2002 926 2131 979 deus
2169 927 2438 980 hominem
2478 927 2609 996 rigi-

342 1012 453 1074 121,
497 1013 578 1066 15.
611 1013 733 1074 336,
769 1014 813 1065 1.
845 1013 966 1074 398,
999 1014 1081 1066 16.
1119 1012 1176 1065 ΙΙ
1205 1013 1292 1070 63,
1321 1013 1405 1066 20.
1534 1012 1660 1065 dum
1699 1015 1757 1083 (ιῖ.
1797 1030 1836 1066 e.
1878 1017 2055 1068 erecto
2095 1018 2263 1082 statu)
2302 1016 2559 1084 figurauit
2583 1016 2611 1068 Ι

335 1098 549 1151 crimine
588 1100 841 1153 adulterii
870 1100 896 1152 1
928 1100 1047 1164 748,
1082 1102 1163 1153 14.
1204 1101 1256 1153 in
1300 1101 1405 1154 ali·
1535 1103 1656 1167 174,
1708 1103 1752 1156 1.
1800 1103 1917 1156 sim.
1965 1103 1993 1156 I
2039 1103 2126 1167 98,
2180 1104 2259 1159 18.
2308 1103 2362 1157 ΙΙ
2399 1105 2484 1168 27,
2528 1106 2609 1158 14.

336 1202 443 1252 qua
500 1203 559 1239 re
619 1188 645 1240 Ι
700 1188 816 1251 182,
872 1190 920 1241 9.
975 1190 1166 1242 erroris
1215 1190 1241 1242 I
1283 1190 1405 1254 585,
1460 1188 1610 1257 rigor
1660 1190 1976 1244 durissimus
2014 1192 2068 1244 lI
2106 1179 2193 1255 88,
2237 1193 2280 1245 1.
2340 1194 2545 1261 rigores
2582 1193 2608 1245 I

334 1275 412 1327 27.
1537 1278 1654 1339 140,
1698 1280 1777 1332 13.
1831 1280 2154 1334 inhumanae
2204 1281 2424 1335 uirtutis
2461 1282 2609 1350 rigor

268 1363 581 1417 reuirescere
621 1365 647 1417 1
686 1368 807 1428 652,
852 1367 895 1418 1.
1530 1366 1558 1418 Ι
1596 1369 1718 1430 516,
1758 1370 1807 1420 2.

266 1452 579 1506 reuiuiscere
619 1453 645 1506 Ι
674 1453 796 1520 638,
830 1454 895 1506 18
925 1455 1216 1523 (reuiuese-
1246 1455 1402 1508 codd.
1459 1455 1684 1509 rimulae
1725 1472 2072 1510 cauernarum
2114 1458 2169 1510 ΙΙ
2208 1459 2294 1522 31,
2332 1460 2383 1511 4.

331 1542 520 1608 quid).
579 1543 700 1606 671,
751 1544 814 1596 17
874 1544 1165 1611 (reuiuesc-
1222 1560 1406 1597 omnes
1457 1545 1559 1598 rite
1600 1546 1626 1598 I
1666 1546 1751 1608 56,
1793 1546 1874 1598 11.
1914 1546 2035 1609 264,
2077 1546 2124 1601 7.
2163 1545 2218 1598 11
2260 1546 2377 1611 100,
2420 1548 2501 1601 19.

332 1629 527 1697 codd).
1458 1634 1597 1686 ritus
1635 1634 1661 1686 I
1699 1635 1786 1696 80,
1830 1635 1874 1688 1.
1915 1634 2001 1697 84,
2037 1635 2117 1687 12.
2164 1635 2281 1697 116,
2314 1636 2361 1688 7.
2399 1637 2524 1699 479,
2554 1636 2604 1689 8.

264 1735 508 1773 reuocare
565 1720 635 1773 ad
678 1721 877 1774 bonam
922 1724 1159 1775 mentem
1207 1721 1234 1774 1
1277 1723 1401 1784 462,
1534 1725 1615 1778 15.
1654 1722 1710 1775 II
1747 1722 1802 1774 Μ
1844 1723 1960 1785 196,
2005 1723 2085 1775 16.
2129 1723 2202 1776 al.
2244 1740 2284 1776 c,
2320 1740 2439 1792 qen.
2485 1724 2605 1794 (im-

329 1810 376 1861 9.
423 1808 489 1861 ab
531 1826 707 1863 errore
748 1809 816 1862 ad
853 1811 1135 1863 rectiorem
1177 1809 1402 1881 (ueram)
1527 1811 1903 1864 molandorum
1959 1812 2259 1877 hominum)
2313 1812 2339 1864 Ι
2390 1813 2473 1875 79,
2524 1814 2608 1866 14.

328 1898 468 1950 uiam
498 1898 526 1950 Ι
555 1902 606 1959 5,
638 1899 719 1951 16.
750 1899 872 1961 405,
908 1900 989 1953 17.
1024 1908 1112 1964 (=
1142 1899 1197 1951 in
1229 1900 1401 1952 uicem
1528 1901 1614 1962 92,
1659 1901 1739 1955 13.
1778 1901 1901 1960 278,
1942 1900 1990 1952 8.
2038 1901 2191 1968 plur.
2243 1901 2533 1955 sollemnes
2578 1902 2606 1954 Ι

328 1986 582 2055 inuitare)
625 1988 651 2040 I
689 1989 810 2050 525,
850 1991 900 2041 5.
1526 1990 1613 2050 84,
1659 1990 1738 2042 14.
1779 1990 1903 2053 279,
1943 1990 2025 2042 20.
2069 1990 2232 2041 annui
2268 1989 2296 2041 Ι
2334 1991 2417 2053 92,
2452 1992 2497 2044 7.
2539 1989 2605 2043 de

262 2075 495 2128 reuolare
538 2076 595 2129 11
631 2077 686 2129 M
726 2077 847 2140 206,
888 2077 972 2130 20.
1523 2078 1721 2130 ritibus
1778 2094 2049 2130 sacrorum
2104 2078 2130 2130 Ι
2183 2077 2303 2141 688,
2357 2079 2437 2133 16.
2495 2079 2604 2131 ritu

262 2164 531 2218 reuoluere
580 2165 848 2235 quidquid
894 2170 977 2218 est
1023 2166 1326 2219 litterarum
1375 2166 1400 2219 Ι
1527 2167 1770 2220 alicuius
1826 2166 1959 2231 (rei)
2007 2166 2034 2218 I
2081 2167 2165 2230 65,
2219 2168 2299 2219 12.
2349 2166 2470 2231 518,
2520 2168 2603 2222 13.

326 2251 414 2316 87,
449 2254 498 2309 3.
561 2253 810 2307 deorsum
855 2254 883 2306 Ι
933 2257 1050 2317 173,
1096 2258 1174 2309 18.
1233 2260 1294 2307 ut
1333 2256 1400 2308 ad
1525 2258 1647 2319 695,
1693 2257 1773 2310 12.

324 2342 551 2394 nihilum
599 2344 778 2396 omnia
826 2343 1178 2396 reuoluantur
1212 2344 1240 2396 Ι
1276 2345 1397 2406 606,
1453 2346 1653 2399 riuales
1692 2346 1718 2398 I
1757 2346 1877 2403 224,
1918 2345 1966 2400 3.

325 2432 373 2483 4.
430 2431 499 2484 ad
547 2448 711 2484 unum
760 2433 939 2485 omnia
984 2433 1338 2486 reuoluuntur
1372 2433 1400 2485 Ι
1453 2435 1685 2487 riuulus:
1728 2436 1822 2503 qui
1862 2434 1925 2486 (le
1966 2433 2149 2487 schola
2179 2433 2423 2486 Platonis
2462 2437 2602 2485 tam-

329 2520 408 2582 17,
449 2520 498 2574 8.
557 2520 626 2575 ad
675 2539 867 2590 corpus
913 2521 1151 2575 reuoluti
1199 2526 1328 2576 sunt
1373 2520 1399 2573 Ι
1525 2542 1686 2593 quam
1725 2524 1888 2577 riuuli
1918 2523 2157 2576 diuersas
2187 2523 2242 2575 in
2272 2526 2453 2590 partes
2479 2539 2601 2591 pro—

325 2609 443 2672 211,
474 2611 560 2666 24.
602 2628 721 2663 cum
760 2613 939 2680 superi
980 2611 1047 2664 ad
1083 2612 1288 2665 inferos
1315 2628 1398 2665 re·
1521 2613 1792 2666 fluxerunt
1827 2613 1884 2666 11
1922 2613 2007 2673 83,
2046 2614 2097 2664 4.

323 2699 617 2752 uoluantur
651 2700 677 2752 I
715 2701 800 2762 38,
841 2701 890 2753 9.
946 2717 1008 2753 eo
1046 2700 1398 2769 inprudentes
1454 2703 1600 2755 riuus
1647 2702 1674 2754 Ι
1726 2703 1810 2766 88,
1850 2705 1899 2756 6.
1944 2702 2060 2765 129,
2105 2701 2187 2755 10.
2227 2701 2349 2761 282,
2394 2702 2475 2752 14.
2517 2701 2599 2753 15.

320 2788 673 2841 reuoluuntur
708 2789 734 2841 Ι
765 2791 886 2852 539,
922 2791 1004 2843 19.
1044 2790 1401 2842 reuoluuntur
1525 2793 1646 2854 297,
1691 2792 1773 2844 16.
1813 2791 1933 2853 392,
1967 2790 2049 2843 10.
2085 2790 2165 2845 13.
2206 2790 2326 2853 577,
2363 2792 2443 2841 14.
2484 2805 2601 2841 cru-

321 2875 674 2944 inprudentes
713 2878 781 2930 ad
807 2877 863 2930 id
893 2878 1033 2947 quod
1064 2882 1399 2946 negauerant
1525 2881 1631 2932 on's
1669 2880 1723 2932 II
1762 2879 1819 2931 M
1856 2880 1977 2941 210,
2012 2879 2092 2932 15.
2131 2879 2313 2931 tenuis
2350 2878 2405 2930 in
2445 2877 2603 2930 nobis

320 2962 348 3014 Ι
401 2965 487 3026 61,
545 2965 631 3018 20.
699 2966 888 3021 eodem
952 2968 1280 3022 reuoluetur.
1338 2971 1398 3020 ut
1522 2968 1808 3023 facundiae
1848 2969 1993 3021 riuus
2033 2971 2118 3021 est
2152 2967 2209 3021 11
2248 2968 2332 3030 64,
2378 2968 2459 3022 15.

322 3052 466 3106 dicat
502 3054 530 3106 Ι
573 3055 691 3118 139,
731 3057 816 3110 23.
870 3056 1059 3108 eodem
1097 3056 1399 3109 reuoluitur
1452 3059 1642 3126 robigo
1695 3058 1873 3128 (codd.
1923 3057 2073 3124 quid.
2121 3056 2271 3113 rub-)
2323 3055 2351 3107 Ι
2391 3057 2474 3120 74,
2515 3056 2599 3108 22.

320 3159 419 3205 reS,
458 3149 521 3196 ut
557 3143 585 3198 I
613 3146 663 3208 9,
695 3146 742 3198 7.
782 3144 852 3197 ad
889 3145 1178 3198 infantiam
1218 3144 1395 3198 denuo
1524 3148 1645 3210 747,
1680 3148 1731 3201 2.
1773 3146 2055 3199 thesauros
2097 3145 2195 3198 deo
2237 3143 2450 3197 custodi
2488 3160 2601 3197 cre·

319 3232 553 3285 reuoluti
589 3232 645 3286 11
682 3234 769 3297 35,
813 3235 892 3288 ll.
954 3234 1126 3287 denuo
1170 3234 1234 3286 ad
1275 3238 1394 3286 ute·
1524 3236 1669 3302 dere,
1709 3236 1803 3288 ubi
1841 3252 1946 3288 non
1982 3235 2153 3287 furem
2194 3265 2260 3272 —
2290 3234 2502 3296 timeaS‚
2534 3265 2598 3271 —

318 3337 432 3373 rum
474 3322 682 3375 reuolui
720 3324 745 3374 I
784 3325 904 3385 655,
949 3324 1029 3376 15.
1520 3343 1628 3378 non
1668 3325 1967 3392 robiginem
2009 3323 2034 3375 I
2074 3324 2195 3383 531,
2240 3323 2321 3375 10.

244 3425 367 3462 reus
405 3413 523 3464 uoti
562 3412 590 3464 Ι
629 3413 748 3478 248,
793 3414 838 3465 1.
1450 3415 1702 3467 roborare
1732 3414 1758 3466 Ι
1786 3414 1907 3477 270,
1943 3412 2175 3473 14.-420,
2206 3412 2291 3464 20.
2321 3409 2457 3479 [602
2476 3409 2599 3464 adn.

243 3514 358 3551 rex:
419 3501 485 3554 de
536 3502 962 3571 imperatoribus
1010 3500 1285 3554 Romanis
1335 3508 1396 3554 ut
1520 3509 1548 3566 ξ
1598 3503 1672 3571 6.]
1725 3503 1845 3564 716,
1894 3502 1977 3554 20.
2035 3500 2274 3552 roborari
2331 3499 2535 3551 uiribus
2573 3499 2600 3550 I

313 3589 431 3643 uid.
471 3590 499 3642 Ι
538 3590 660 3652 385,
693 3593 740 3643 5.
782 3594 1072 3643 ueteranus
1111 3605 1201 3642 rex
1241 3590 1393 3657 (Dio-
1522 3591 1644 3654 330,
1689 3591 1769 3643 13.
1809 3590 1866 3643 ΙΙ
1902 3591 1989 3651 47,
2030 3590 2078 3642 3.

315 3679 605 3744 cletianus)
644 3679 701 3732 ΙΙ
738 3681 794 3732 M
836 3680 955 3742 195,
996 3679 1075 3732 13.
1115 3695 1270 3747 reges
1309 3694 1393 3730 sa·
1449 3679 1613 3733 robur
1650 3695 1914 3731 summum
1954 3679 2152 3729 aetatis
2191 3676 2246 3728 11
2283 3677 2365 3738 11,
2394 3678 2444 3729 4.
2486 3677 2597 3729 ani·

313 3769 542 3822 erifieuli
599 3769 627 3821 I
679 3770 804 3831 463,
858 3769 905 3821 9.
965 3784 1055 3820 rex
1113 3771 1317 3835 (apum)
1369 3765 1394 3818 Ι
1518 3769 1594 3820 mi
1631 3767 1687 3820 II
1725 3768 1780 3819 M
1822 3766 1939 3830 190,
1979 3767 2028 3819 8.

313 3859 438 3921 202,
484 3860 564 3911 19.
606 3860 726 3920 677,
767 3860 820 3911 6.
857 3856 913 3909 Il
952 3859 1036 3918 95,
1079 3857 1161 3909 12.
1450 3857 1702 3910 robustus
1762 3861 1852 3922 (=
1890 3857 2103 3908 matura
2160 3857 2356 3917 aetate,
2413 3869 2597 3922 oppos,

241 3947 410 3999 rictus
449 3945 478 3999 I
516 3947 636 4009 202,
667 3947 715 4000 8.
746 3947 867 4009 425,
900 3948 947 3999 7.
988 3946 1044 3998 11
1084 3946 1167 4005 79,
1196 3946 1245 3997 5.
1287 3946 1394 3997 oris
1521 3963 1677 3999 senes
1715 3945 1951 3998 infantes
1990 3944 2387 4008 adulescentes)
2418 3943 2446 3995 Ι
2475 3944 2597 4005 229,

309 4035 369 4089 ΙΙ
405 4037 493 4098 35,
538 4037 582 4088 1.
1523 4036 1606 4088 18.
1645 4035 1754 4088 iam
1794 4037 1973 4087 aetate
2013 4033 2266 4086 robustus
2306 4032 2361 4085 11
2389 4033 2445 4085 Μ
2475 4031 2597 4097 235,

240 4126 418 4179 ridere
459 4125 679 4194 aliquid
712 4126 742 4179 Ι
776 4126 866 4192 87,
905 4125 953 4176 6.
984 4123 1068 4178 20.
1103 4124 1177 4177 al.
1206 4139 1245 4176 e.
1282 4139 1391 4177 ace.
1522 4126 1605 4178 12.
1647 4124 1873 4177 robusta
1911 4140 2013 4176 uox
2050 4122 2107 4174 11
2143 4122 2229 4183 46,
2270 4123 2319 4174 2.

311 4232 355 4268 e.
394 4216 501 4283 inf.
542 4217 570 4269 Ι
608 4218 694 4281 77,
736 4220 818 4271 13.
1447 4231 1663 4283 rogare:
1721 4213 1971 4282 quotiens
2017 4211 2227 4280 rogaris
2267 4211 2361 4276 (ab
2401 4212 2597 4280 egenti-

240 4285 469 4358 ridieule
507 4307 744 4359 insanire
781 4305 837 4358 11
875 4306 924 4367 9,
970 4306 1051 4360 15.
1519 4305 1639 4371 bus)
1679 4304 1707 4356 I
1746 4304 1867 4365 532,
1911 4304 1991 4356 12.
2032 4326 2100 4347 =
2138 4317 2350 4370 precem
2388 4300 2593 4355 facere:

239 4397 416 4451 rienes
459 4396 539 4447 ait
566 4396 734 4449 Varro
774 4396 852 4448 ita
891 4394 1083 4458 dictos,
1116 4392 1259 4463 quod
1289 4392 1390 4448 riui
1515 4396 1573 4445 te
1630 4394 1859 4462 (summe
1917 4389 2070 4456 deus)
2128 4406 2379 4458 rogamus
2436 4390 2492 4444 11
2540 4392 2596 4444 M
