3132 5043
747 1147 1370 1259 ADDENDA
1445 1145 1605 1256 ΕΤ
1681 1142 2594 1255 OORRIGENDA.¹>

630 1519 736 1582 Ad
793 1521 1082 1598 partem
1139 1516 1189 1580 Ι.

536 1674 587 1726 p.
630 1656 731 1709 VH
770 1655 891 1709 adn.
931 1655 1027 1708 Ad
1060 1655 1292 1708 nomina
1329 1654 1625 1708 Lactantii
1662 1655 1729 1722 cf.
1769 1654 1950 1707 Indic.
1989 1669 2131 1706 nom.
2171 1668 2213 1705 s.
2256 1650 2486 1706 Caelius,

535 1764 587 1816 p.
625 1745 761 1798 XIII
799 1762 868 1800 se.
913 1743 1068 1813 Quae
1103 1745 1165 1797 in
1201 1743 1609 1811 Proleyomenis
1648 1744 1713 1797 de
1750 1743 1995 1797 codicum
2034 1741 2360 1810 coqnatione
2403 1745 2533 1796 sunt
2568 1741 2833 1808 exposita,
2917 1756 2922 1760 ·

681 1835 759 1887 ad
805 1835 1046 1901 formam
1092 1835 1392 1886 stemmatis
1442 1834 1672 1887 redacta
1722 1840 1853 1886 sunt
1902 1833 1966 1885 in
2017 1831 2156 1884 libro
2202 1830 2529 1884 Harnackii
2575 1836 2624 1887 et
2660 1830 2834 1883 Pren-

683 1922 891 1976 sehenii
926 1922 1191 1989 inscripto
1231 1921 1569 1975 ‘Geschichte
1608 1922 1704 1975 der
1744 1921 2034 1974 altchristl.
2066 1919 2379 1972 Litteratur
2417 1919 2500 1972 bis
2527 1918 2839 1985 Eusebius,

685 2010 795 2065 nol.
848 2009 889 2061 I
922 2015 1072 2077 part.
1128 2012 1167 2062 2
1220 2011 1421 2076 (1893)
1464 2025 1523 2076 p.
1579 2012 1711 2075 739,
1748 2013 2043 2076 praeterea
2089 2024 2126 2058 a
2177 2005 2412 2074 Georyio
2468 2004 2740 2061 Wissowa
2775 2006 2837 2059 in

686 2114 919 2152 censura
958 2097 1216 2151 editionis
1252 2103 1492 2159 nostrae,
1538 2096 1783 2167 Go'ttiny.
1818 2097 2051 2166 yelehrte
2086 2100 2224 2153 Ane.
2266 2099 2417 2151 1895
2462 2113 2523 2164 p.
2568 2099 2698 2150 519:
2743 2096 2839 2163 qui

685 2187 780 2239 uir
831 2185 1021 2240 doctus
1072 2186 1137 2239 de
1185 2186 1505 2240 rationibus
1555 2201 1695 2253 quas
1744 2187 1888 2239 inter
1937 2186 2145 2240 codices
2196 2186 2463 2254 quosdam
2511 2185 2841 2238 intercedere

688 2275 1214 2339 demonstrabamus,
1237 2276 1404 2329 aliter
1432 2280 1598 2343 atque
1624 2292 1727 2328 nos
1752 2275 1934 2340 sentit,
1956 2276 2047 2328 cui
2073 2281 2256 2328 tam-en
2283 2276 2364 2329 rei
2389 2291 2458 2328 ne
2483 2275 2598 2343 ipse
2626 2273 2841 2342 quidem

686 2365 919 2418 multum
956 2365 1125 2418 tribui
1158 2366 1282 2418 uult
1319 2364 1481 2429 (ibid.
1510 2381 1571 2433 p.
1618 2368 1777 2432 523).

544 2473 595 2525 p.
633 2455 784 2509 XIII.
822 2454 918 2507 Aa
968 2454 1258 2507 historiam
1308 2454 1513 2508 codicis
1561 2454 1933 2508 Bononiensis
1982 2454 2052 2521 cf.
2091 2469 2232 2523 quae
2272 2459 2425 2521 part.
2464 2453 2543 2505 II
2568 2452 2769 2520 fascic.
2807 2456 2837 2504 1
2935 2529 2942 2533 .

678 2561 739 2611 p.
792 2543 951 2597 VIII
985 2544 1116 2596 adn.
1155 2548 1185 2596 1
1223 2544 1375 2597 dicta
1411 2549 1557 2597 sunt.

546 2651 596 2701 p.
636 2632 861 2684 XXXIV
899 2649 939 2685 s,
995 2631 1241 2685 Codieem
1287 2633 1949 2686 Palatino-Vaticanum
1994 2636 2096 2684 161
2144 2631 2257 2698 (H)
2302 2633 2418 2684 iam
2457 2637 2585 2684 ante
2631 2647 2844 2683 annum

693 2724 828 2782 828,
849 2736 965 2772 non
992 2720 1192 2773 decimo
1217 2722 1435 2774 saeculo
1464 2721 1731 2788 seriptum
1760 2737 1868 2774 esse
1885 2720 2033 2774 1.αᾶ.
2061 2720 2282 2773 Traube
2308 2720 2559 2782 ostendit,
2588 2719 2842 2773 Central-

691 2810 833 2862 blatt
865 2810 964 2876 fiir
999 2810 1511 2863 Bibliothekswesen
1546 2813 1701 2863 1892
1727 2828 1786 2878 p.
1829 2813 1923 2864 87.

548 2916 599 2968 p.
638 2898 825 2951 LXVI.
864 2897 1270 2951 Additamenta
1316 2899 1620 2952 dualistiea
1668 2904 1716 2951 et
1753 2898 2095 2967 paneqyrica
2139 2897 2252 2964 ipsi
2294 2896 2612 2950 Lactantio·
2648 2896 2846 2950 tribuit

695 2985 754 3039 O.
810 2985 987 3050 Seeck,
1047 2985 1363 3038 Geschichte
1413 2985 1505 3039 des
1564 2986 1906 3055 Unteryanys
1956 2986 2050 3039 der
2101 2984 2327 3038 antiken
2371 2984 2515 3037 Welt
2560 2985 2602 3037 I
2632 2987 2841 3051 (1895)

691 3073 935 3142 Anhang)
961 3089 1021 3140 p.
1060 3077 1190 3126 437.
1228 3076 1370 3135 441„
1402 3073 1706 3126 dualistica
1735 3075 2140 3141 interpolatori,
2167 3074 2513 3142 paneyyrica
2539 3072 2845 3128 Lactantio

697 3161 795 3214 dat
830 3162 915 3215 M.
957 3161 1190 3218 Schanz.
1236 3161 1552 3215 Geschichte
1590 3163 1685 3215 der
1721 3167 1853 3214 ro‘m.
1893 3161 2207 3214 Litteratar
2233 3162 2347 3214 III
2367 3164 2573 3227 (1896)
2602 3179 2663 3229 p.
2708 3165 2844 3215 387.

551 3269 601 3320 p.
642 3249 762 3305 CIV
801 3268 840 3303 s,
881 3251 970 3304 De
1007 3250 1106 3304 hoc
1134 3251 1316 3304 codice
1340 3249 1558 3303 Sedulii
1587 3250 1739 3304 Scoti
1766 3252 1834 3318 ef.
1864 3250 2042 3303 Henr.
2082 3249 2295 3311 Omont,
2325 3250 2619 3319 Mc'lanyes
2647 3250 2848 3303 Graux

693 3342 899 3407 (1884)
942 3356 1000 3406 p.
1053 3343 1175 3402 313,
1216 3345 1267 3391 et
1313 3339 1378 3391 de
1415 3338 1643 3392 Sedulio
1680 3340 1801 3406 ipso
1838 3338 1984 3391 Lud.
2032 3338 2268 3405 Traube,
2315 3339 2360 3392 O
2396 3339 2580 3392 Roma
2625 3337 2845 3405 nobilis,

694 3428 978 3482 Abhandl.
1020 3428 1072 3482 d.
1116 3428 1298 3496 boyer.
1338 3427 1522 3481 Akad.
1564 3428 1615 3480 d.
1666 3427 1993 3481 Wissensch.
2022 3429 2071 3483 I.
2107 3427 2190 3483 ΟΖ.
2223 3428 2394 3480 XIX.
2425 3428 2535 3481 Bal.
2562 3427 2640 3479 II
2660 3426 2846 3494 Abth„

693 3520 854 3583 1891,
881 3534 944 3585 p.
986 3520 1105 3570 338
1140 3534 1207 3569 ss.

551 3625 603 3676 p.
644 3606 693 3669 3,
734 3607 818 3661 26.
868 3606 1091 3675 primam
1133 3624 1244 3675 pro
1296 3608 1440 3676 piam
1493 3622 1683 3660 censor
1731 3606 1887 3674 siyno
1936 3609 1999 3673 ††
2043 3605 2398 3673 subscriptnS,
2449 3605 2606 3659 Neue
2646 3605 2843 3673 philol.

695 3694 1046 3748 Rundsehau
1082 3697 1239 3747 1890
1266 3711 1326 3762 p.
1372 3697 1506 3757 376,
1547 3695 1696 3762 quod
1722 3695 1965 3762 probare
1999 3710 2114 3746 non
2141 3709 2451 3761 possamus.

553 3801 603 3853 p.
641 3784 729 3847 41,
770 3784 854 3837 25.
893 3783 989 3837 Ad
1022 3785 1195 3838 uerba
1233 3784 1310 3837 sic
1348 3782 1601 3852 Neptuno
1641 3783 1915 3835 maritima
1962 3783 2176 3835 omnia
2224 3798 2339 3835 cum
2378 3782 2571 3835 insulis
2611 3782 2847 3835 obuene-

695 3875 824 3924 runt
868 3871 1246 3940 Kronenberq,
1290 3871 1635 3924 Minuciana
1682 3871 1886 3940 (Luyd.
1933 3870 2067 3925 Bat.
2115 3871 2295 3934 1889)
2332 3886 2393 3937 p.
2441 3873 2559 3922 1oo
2609 3869 2851 3923 adnotat

699 3961 914 4013 omnia
961 3963 1270 4030 corruptum
1319 3963 1400 4012 est
1449 3976 1509 4012 ex
1559 3977 1684 4012 ora.
1734 3961 1812 4013 At
1859 3975 2033 4013 causa
2076 3958 2390 4012 necessaria
2428 3958 2736 4028 corriyendi
2772 3964 2851 4011 est

695 4049 861 4102 nulla
900 4055 1062 4117 atque
1099 4049 1251 4102 debet
1288 4049 1452 4101 etiam
1491 4047 1830 4101 obuenerunt
1866 4049 1929 4100 in
1967 4047 2191 4100 obuenit
2227 4049 2452 4100 mutari.

630 4253 670 4320 ¹)
695 4254 931 4319 Quorum
968 4256 1204 4309 locorum
1243 4255 1452 4308 numeri
1489 4256 1896 4310 crassioribus
1933 4256 2167 4311 litteris
2207 4256 2395 4325 scripti
2433 4259 2577 4323 sunt,
2607 4255 2646 4308 ii
2675 4256 2852 4324 potis-

557 4326 748 4379 simum
789 4330 914 4380 ante
954 4344 1114 4395 quam
1151 4344 1277 4380 usus
1316 4327 1413 4380 fiat
1451 4327 1723 4390 editioniS‚
1764 4326 2067 4396 corrigendi
2106 4330 2247 4381 sunt.
