3132 5043
495 435 621 497 222
1038 431 1137 483 De
1195 427 1581 483 mortibus
1638 432 2233 499 persecutorum

495 626 851 699 cletianus>
900 646 1045 691 cum
1100 626 1347 689 uideret
1400 626 1595 690 uiuus
1658 624 1827 707 quod
1883 625 2042 689 nulli
2101 645 2402 709 umquam
2448 627 2782 709 imperato·

492 752 633 795 rum
691 732 1023 809 acciderat,
1084 732 1321 815 duplici
1390 731 1784 815 aegritudine
1850 731 2136 796 adfectus
2201 732 2596 797 moriendum
2663 733 2781 796 sibi

495 858 635 903 esse
685 838 984 903 decreuit.
1032 838 1313 903 iactabat
1360 857 1426 902 se
1472 839 1599 903 huc
1639 841 1830 921 atque
1869 838 2023 902 illuc
2065 843 2394 903 aestuante
2433 840 2642 903 anima
2674 859 2784 921 per

496 944 776 1011 dolorem
822 964 939 1009 nec
986 965 1277 1010 somnum
1326 964 1441 1009 nec
1490 945 1703 1009 cibum
1747 945 2024 1027 capiens,
2075 946 2347 1027 suspiria
2385 948 2449 1010 et
2486 946 2781 1030 gemitus,

496 1053 748 1116 crebrae
796 1052 1114 1128 lacrimae,
1164 1051 1332 1135 iugis
1380 1052 1699 1116 uolutatio
1750 1052 2048 1135 corpori8‚
2087 1072 2253 1117 nunc
2295 1053 2357 1117 in
2394 1054 2583 1130 lecto,
2622 1072 2783 1117 nunc
2847 1075 2884 1116 5

425 1164 457 1216 3
494 1159 693 1223 humi.
785 1160 876 1223 ita
921 1158 1151 1242 uiginti
1192 1177 1496 1222 annorum
1534 1158 1947 1223 felicissimus
1984 1159 2326 1241 imperator
2363 1159 2442 1223 ad
2478 1159 2781 1224 humilem

494 1265 694 1329 uitam
756 1264 1039 1328 deiectus
1098 1284 1134 1327 a
1189 1263 1303 1328 deo
1364 1267 1427 1328 et
1471 1264 1877 1346 proculcatus
1924 1263 2173 1328 iniuriis
2224 1268 2414 1347 atque
2460 1265 2524 1328 in
2573 1265 2782 1329 odium

495 1372 666 1436 uitae
715 1370 1027 1435 deductus
1075 1374 1397 1452 postremo
1444 1370 1611 1435 fame
1660 1373 1849 1453 atque
1898 1390 2129 1454 angore
2180 1373 2506 1435 confectus
2555 1374 2672 1437 est.

429 1483 453 1535 1
586 1480 691 1542 43.
769 1478 947 1542 Unus
969 1477 1097 1541 iam
1118 1481 1447 1560 supererat
1468 1477 1543 1542 de
1564 1477 1945 1542 aduersariis
1969 1477 2574 1550 dei<Maximinus>:
2606 1477 2785 1542 cuius

425 1590 457 1642 2
497 1604 663 1649 nunc
696 1583 931 1648 exitum
958 1583 1329 1664 ruinamque
1361 1585 1751 1649 subnectam.
1835 1603 1979 1649 cum
2011 1584 2272 1648 haberet
2301 1584 2788 1649 aemulationem
2822 1613 2894 1652 10

501 1691 805 1755 aduersus
844 1690 1180 1768 Licinium,
1222 1692 1368 1773 quia
1413 1692 1735 1773 praelatus
1778 1689 1834 1755 ei
1874 1711 1910 1756 a
1945 1691 2326 1755 Maximiano
2374 1691 2601 1768 fuerat,
2638 1690 2788 1754 licet

499 1817 699 1880 nuper
746 1816 893 1861 cum
941 1817 1012 1861 eo
1062 1797 1407 1861 amicitiam
1459 1797 1916 1875 confirmasset,
1965 1800 2299 1862 tamen·ut
2345 1797 2594 1861 audiuit
2633 1797 2788 1861 Con-

503 1903 765 1968 stantini
822 1923 1095 1969 sororem
1160 1904 1401 1969 Licinio
1460 1924 1601 1970 esse
1669 1904 2069 1986 desponsam,
2138 1904 2531 1969 existimauit
2594 1890 2790 1967 affini-

429 2020 461 2071 3
499 2014 697 2075 tatem
743 2010 921 2074 illam
970 2010 1240 2075 duorum
1286 2011 1741 2092 imperatorum
1789 2014 2006 2075 contra
2054 2030 2120 2075 se
2161 2011 2463 2092 copulari.
2557 2013 2621 2074 et
2654 2009 2790 2091 ipse

501 2119 748 2201 legatos
815 2116 894 2180 ad
956 2117 1177 2180 urbem
1242 2116 1419 2182 misit
1484 2118 1735 2181 occulte
1803 2117 2174 2182 societatem
2236 2117 2540 2182 Maxentii
2605 2119 2791 2196 atque
2829 2144 2895 2183 15

504 2224 849 2288 amicitiam
908 2225 1329 2307 postulatum.
1397 2225 1622 2288 scribit
1678 2224 1863 2288 etiam
1924 2224 2337 2288 familiariter.
2403 2223 2794 2306 recipiuntur

501 2331 695 2415 legati
734 2330 1032 2413 benigne:
1082 2330 1155 2394 fit
1193 2330 1493 2408 amicitia,
1534 2332 1867 2413 utriusque
1907 2331 2215 2415 imagines
2256 2332 2450 2396 simul
2485 2332 2792 2395 locantur.

431 2447 463 2499 4
500 2435 857 2501 Maxentius
914 2438 1237 2518 tamquam
1295 2435 1585 2500 diuinum
1653 2436 1955 2501 auxilium
2018 2436 2290 2500 libenter
2354 2435 2795 2519 amplectitur:

500 2547 626 2609 iam
693 2544 857 2608 enim
922 2544 1164 2608 bellum
1224 2543 1639 2610 Constantino
1707 2545 2010 2608 indixerat
2077 2544 2258 2626 quasi
2314 2563 2533 2608 necem
2596 2542 2796 2625 patris

310 2664 463 2714 s.1a.5
505 2651 606 2717 sui
662 2650 1124 2715 uindicaturus.
1220 2650 1386 2714 unde
1446 2651 1725 2733 suspicio
1782 2651 2088 2715 inciderat
2123 2649 2127 2736 l
2166 2670 2378 2716 senem
2435 2650 2618 2713 illum
2673 2648 2799 2711 exi·
2838 2683 2897 2720 20

681 2875 880 2930 LOCI
911 2875 1365 2930 AVCTORVM
1396 2876 2013 2930 EXPILATORVM
2046 2876 2385 2930 SIMILES
2502 2876 2538 2927 4
2576 2892 2616 2927 s.
2657 2891 2800 2927 som-

505 2964 870 3034 num—iugis]
910 2966 1060 3020 Lact.
1099 2965 1246 3034 Epit.
1285 2967 1370 3028 66,
1411 2967 1459 3019 7.

582 3109 606 3161 1
649 3108 798 3161 nulla
843 3107 899 3170 Ο,
939 3123 1076 3161 corr.
1115 3106 1234 3160 Bae
1362 3106 1393 3159 3
1433 3107 1668 3160 animam
1710 3106 1766 3170 C,
1809 3124 1945 3160 corr.
1984 3107 2103 3160 Bal
2254 3122 2382 3175 prae
2421 3105 2604 3159 dolore
2643 3103 2801 3157 Heu-

506 3213 695 3258 mann,
734 3197 861 3249 item
896 3195 1183 3249 Bentleius
1299 3197 1328 3249 7
1370 3213 1401 3249 a
1439 3194 1539 3248 deo
1579 3195 1920 3256 Boherellus,
1959 3196 2085 3248 item
2121 3194 2409 3248 Bentleius
2445 3199 2494 3247 et
2534 3192 2653 3255 alii,
2694 3192 2797 3244 ado

512 3286 584 3351 C;
613 3285 745 3338 adeo
777 3285 910 3349 Bal,
942 3302 973 3337 a
1003 3284 1102 3337 deo
1133 3283 1233 3338 del.
1266 3284 1572 3337 Heumann
1719 3287 1775 3336 et
1802 3289 1933 3352 post
1965 3301 1995 3336 a
2026 3283 2125 3337 deo
2157 3284 2258 3337 del.
2293 3298 2600 3352 anonymus
2627 3299 2687 3350 p.
2725 3284 2808 3333 62

507 3375 539 3427 8
580 3373 841 3428 deductus
882 3378 1012 3441 (aut
1050 3372 1338 3440 adduct-us)
1384 3372 1679 3427 Columbus
1718 3378 1766 3426 et
1804 3374 1908 3426 alii
1950 3373 2340 3439 (Buenemann
2389 3373 2600 3439 confert
2635 3370 2800 3424 Lact.

506 3464 647 3518 Inst.
677 3463 756 3515 II
778 3467 821 3525 1,
852 3467 925 3514 10
962 3462 1029 3516 ad
1070 3466 1361 3515 extremam
1398 3460 1747 3515 mendicandi
1781 3462 2163 3515 necessitatem
2201 3460 2495 3526 deductus;
2529 3460 2662 3512 ibid.
2691 3457 2732 3529 ,ξ
2766 3462 2802 3510 5

509 3552 578 3605 ad
624 3554 834 3604 tantam
884 3552 1201 3604 caecitatem
1250 3567 1365 3604 esse
1413 3549 1721 3616 deductos),
1761 3548 2004 3602 deiectus
2047 3549 2117 3614 C,·
2164 3547 2422 3601 deuectus
2460 3546 2806 3611 Boherellus,

509 3640 751 3695 deiectus
808 3641 1003 3694 retinet
1056 3640 1180 3693 Nic,
1218 3639 1503 3699 Heinsius,
1552 3639 1648 3692 sed
1691 3656 1745 3691 u.
1793 3642 1826 3691 7
1882 3636 1952 3689 ad
2006 3637 2261 3689 humilem
2320 3637 2492 3689 uitam
2547 3633 2805 3688 redactus

507 3730 695 3783 scribit
948 3730 979 3782 9
1036 3729 1359 3783 Maximinus
1418 3727 1546 3779 add.
1606 3726 1834 3779 Brandt
2103 3726 2168 3778 10
2225 3725 2446 3778 exitium
2508 3722 2810 3777 Columbus

513 3820 574 3872 11
618 3819 744 3888 quia
780 3819 914 3876 Bal,
953 3818 1046 3888 qui
1087 3818 1155 3871 ad
1198 3818 1266 3882 G;
1307 3818 1397 3885 qui
1439 3832 1748 3884 anonymus
1776 3833 1838 3884 p.
1883 3818 1974 3878 62,
2011 3815 2138 3868 item
2176 3814 2462 3867 Bentleius
2636 3812 2700 3864 12
2741 3814 2808 3863 ut

509 3908 641 3970 Bal,
681 3912 744 3961 ut
779 3911 842 3961 ut
883 3908 929 3960 C
1072 3908 1137 3960 13
1178 3923 1299 3959 essa
1337 3905 1465 3972 (sic)
1508 3905 1817 3974 disponsam
1862 3905 1918 3966 C,
1959 3919 2095 3959 corr.
2135 3902 2254 3955 Bal
2392 3903 2457 3955 14
2497 3903 2572 3971 et]
2602 3909 2794 3969 (ergo)

513 4001 568 4049 et
620 3996 929 4054 Columbus.
976 3996 1223 4064 (itaque)
1268 3998 1324 4048 et
1368 3994 1615 4060 Bra-neit,
1664 3994 1786 4046 ideo
1835 3993 2098 4046 Duebncr
2353 3991 2417 4045 15
2473 3989 2709 4043 maxenti
2762 3987 2814 4040 0

515 4087 579 4142 16
619 4085 954 4154 postulatum
996 4101 1305 4153 anonymus
1332 4101 1393 4152 p.
1430 4087 1520 4145 62,
1553 4083 1883 4152 postulatam
1925 4081 1997 4148 0,·
2033 4080 2312 4150 postulans
2351 4079 2468 4131 Bal
2580 4078 2645 4131 18
2682 4081 2805 4129 tan-

513 4192 677 4244 quam
713 4174 758 4227 0
862 4174 929 4227 20
967 4174 1122 4226 illum
1162 4173 1489 4226 exitiabilem
1532 4171 1648 4238 (uel
1683 4170 2082 4236 intestabilem)
2111 4169 2227 4222 Bal
2261 4167 2479 4221 secund.
2519 4166 2665 4219 curis
2693 4166 2807 4231 (in-

511 4263 824 4317 testabilem
861 4264 923 4315 in
961 4263 1041 4318 ed.
1083 4265 1278 4328 1679),
1318 4260 1783 4314 illullllllxtabilem
1820 4260 1948 4326 (sic)
1996 4259 2053 4321 C,
2083 4257 2374 4325 particula
2403 4255 2575 4323 primi
2613 4270 2814 4308 uersus

511 4353 639 4419 folii
676 4357 797 4406 13α
834 4352 1077 4420 spatium
1121 4355 1155 4404 6
1191 4352 1480 4404 hastarum
1517 4350 1803 4403 continens
1839 4365 1958 4402 cum
1990 4353 2153 4415 parte
2191 4344 2455 4413 maryinis
2489 4359 2667 4411 super.
2708 4342 2810 4395 ab·
