3132 5043
1226 494 1807 564 Prolegomena.
2420 498 2664 563 XXVII

366 689 622 766 lestius‚
673 688 842 770 quod
886 688 996 752 ille
1044 688 1279 772 insigni
1329 689 1678 771 sagacitate
1726 688 2049 753 nonnullis
2095 688 2257 753 locis
2303 689 2451 754 libri
2499 691 2666 754 auxi-

364 796 528 859 lium
574 794 748 858 tulit.
797 795 998 858 ‘Alter
1045 802 1416 877 anonymus'
1463 796 1527 858 in
1579 798 1881 876 apparatu
1942 797 2154 861 nostro
2203 796 2259 860 is
2312 800 2429 874 est,
2481 797 2663 861 cuius

365 920 608 985 paucae
657 901 1053 967 coniecturae
1103 906 1252 965 sunt
1298 920 1443 985 pag.
1486 903 1570 966 70
1611 920 1662 967 S.
1716 901 2001 965 eiusdem
2050 902 2397 968 uoluminis
2436 903 2499 967 in
2540 923 2665 985 quo

365 1007 545 1072 illius
629 1010 857 1072 extant.
930 1008 1141 1072 Etiam
1210 1008 1547 1074 Carolus
1624 999 1860 1073 H‘alm
1923 1008 1988 1072 in
2066 1009 2498 1090 disputatione
2567 1007 2668 1072 Zu
2762 1065 2768 1071 .

366 1112 746 1178 Lactantius
804 1115 880 1177 de
938 1114 1236 1177 mortibus
1277 1118 1744 1195 persecutorum
1800 1116 1907 1197 (cf.
1966 1135 2157 1197 supra
2210 1137 2273 1198 p.
2321 1115 2468 1200 XII)
2536 1135 2662 1179 cor-

366 1223 653 1304 ruptelas
693 1222 995 1304 quasdam
1038 1222 1273 1286 codicis
1314 1223 1597 1286 sustulit.
1645 1223 1823 1287 Alias
1864 1222 2256 1286 coniecturas
2305 1222 2665 1306 apographo

369 1327 719 1394 Colbertini
762 1329 1278 1393 Laubmanniano
1330 1329 1652 1411 ascripsit:
1701 1329 1816 1392 has
1867 1348 2250 1411 quamquam
2300 1333 2502 1393 certas
2544 1329 2667 1393 sibi

365 1453 489 1499 non
550 1436 755 1500 uiden'
815 1436 997 1520 signo
1059 1436 1573 1519 interrogationis
1636 1434 1924 1517 adposito
1975 1435 2304 1500 ostendere
2354 1437 2538 1514 solet,
2587 1435 2662 1500 ab

368 1541 649 1606 editione
713 1545 924 1606 tamen
990 1546 1206 1607 nostra
1270 1542 1597 1607 secludere
1663 1542 2008 1607 noluimus.
2077 1543 2214 1606 Hae
2292 1545 2444 1607 sunt
2517 1543 2664 1606 illae

365 1648 611 1713 Halmii
651 1649 1050 1714 coniecturae
1091 1650 1322 1731 quibus
1361 1649 1423 1712 in
1466 1652 1770 1732 apparatu
1807 1653 2023 1714 nostro
2061 1668 2363 1713 numerus
2399 1649 2665 1732 paginae

367 1775 489 1820 non
543 1758 647 1820 est
693 1756 969 1835 additus,
1011 1775 1167 1838 quas
1217 1760 1427 1820 autem
1478 1756 1542 1819 in
1594 1755 2023 1838 disputatione
2071 1755 2182 1819 illa
2227 1755 2514 1837 protulit,
2557 1773 2666 1819 eae

367 1882 632 1928 numero
699 1864 966 1947 paginae
1033 1863 1493 1947 significantur.
1558 1862 1946 1927 Richardi
2021 1861 2350 1927 Bentlei
2417 1881 2665 1943 quoque

368 1988 597 2033 nomen
658 1989 803 2033 cum
862 1970 1083 2034 critica
1136 1969 1285 2034 libri
1340 1969 1648 2034 Mortium
1708 1969 2115 2034 coniunctum
2178 1971 2295 2035 est.
2352 1969 2541 2032 Extat
2601 1968 2663 2031 in

370 2076 764 2140 bibliotheca
826 2077 1039 2141 Musei
1102 2076 1450 2141 Britannici
1517 2078 1834 2158 exemplar
1907 2075 2202 2139 editionis
2267 2076 2352 2138 Le
2372 2074 2664 2157 Nourryi‚

369 2183 555 2247 cuius
616 2183 681 2247 in
744 2184 1138 2268 marginibus
1198 2184 1526 2248 Bentleius
1594 2182 2011 2247 correctiones
2078 2181 2414 2263 uariasque
2479 2184 2664 2244 notas

370 2289 720 2371 inscripsit.
779 2291 914 2354 Has
980 2290 1243 2356 Carolus
1305 2290 1783 2374 Zangemeister
1845 2289 2193 2371 descriptas
2258 2291 2323 2352 et
2378 2288 2451 2351 ad
2508 2287 2667 2352 Aca-

372 2395 648 2460 demiam
714 2397 1269 2462 Vindobonensem
1331 2397 1513 2461 misit
1580 2401 1643 2461 et
1705 2397 1768 2459 in
1836 2396 2153 2478 exemplar
2217 2394 2512 2459 editionis
2577 2395 2664 2457 Le

365 2501 645 2587 Nourryi
695 2504 861 2585 quod
911 2508 1007 2569 est
1054 2504 1118 2569 in
1167 2504 1557 2570 bibliotheca
1602 2501 2152 2587 Heidelbergensi‚
2208 2501 2555 2565 transtulit.
2581 2498 2663 2586 l⁴¹)

367 2610 434 2674 In
487 2612 697 2677 antico
738 2612 1045 2696 tegimine
1084 2612 1260 2676 illius
1303 2611 1676 2694 exemplaris
1715 2609 2128 2675 Londinensis
2167 2608 2405 2692 legitur
2440 2606 2510 2669 E
2549 2606 2665 2671 Go-

366 2717 501 2781 dice
557 2716 954 2797 Bentleiam,
1018 2720 1182 2782 infra
1243 2717 1338 2783 Ol.
1395 2717 1667 2781 Ricardi
1723 2715 2002 2781 Bentleii
2059 2715 2276 2778 Manu
2338 2715 2662 2792 adnotata,

370 2826 435 2887 et
478 2825 716 2889 iterum
762 2825 925 2889 infra
969 2845 1195 2890 nomen
1241 2823 1307 2889 J.
1367 2822 1629 2904 When,
1681 2823 1873 2886 Trin:
1927 2821 2095 2887 Con.-
2145 2819 2293 2885 Soc:
2341 2840 2486 2885 cum
2526 2822 2662 2884 eius

365 2930 633 3016 insigni3
684 2931 876 2996 huius
923 2932 1124 3015 igitur
1168 2932 1470 2997 Wilsonii
1524 2933 1588 2995 in
1648 2930 2120 3014 possessionem
2170 2929 2487 3009 exemplar
2531 2947 2667 3009 per-

369 3029 656 3103 uenerat.
706 3040 758 3102 A
808 3039 1101 3104 Bentleio
1167 3038 1542 3123 marginalia
1605 3038 1718 3102 illa
1784 3037 2023 3118 scripta
2088 3054 2229 3099 esse
2288 3054 2360 3099 eo
2417 3053 2667 3116 quoque

368 3145 798 3226 confirmatur,
848 3146 1016 3229 quod
1053 3167 1112 3229 p.
1157 3147 1237 3209 72
1280 3146 1656 3229 exemplaris
1704 3145 1783 3209 ad
1829 3147 2044 3208 notam
2092 3144 2178 3207 Le
2198 3142 2474 3225 Nourryi
2510 3140 2664 3205 MS.

366 3252 544 3332 ayris
573 3253 929 3335 ferentibus
967 3251 1046 3337 (c.
1092 3255 1197 3331 37,
1238 3255 1303 3332 4)
1345 3253 1514 3317 linea
1554 3253 1775 3317 subter
1812 3271 2038 3316 uocem
2074 3249 2431 3335 ferentibus
2479 3249 2668 3313 ducta

368 3357 659 3422 additum
722 3363 823 3424 est
881 3360 1026 3441 leyo,
1089 3360 1262 3443 ayris
1306 3359 1718 3442 feriantibus.
1783 3356 1863 3421 R.
1922 3356 2008 3421 B.
2072 3358 2210 3423 Uno
2270 3351 2411 3421 loco
2475 3356 2667 3419 etiam

367 3464 494 3528 alia
540 3485 773 3530 manus
822 3467 1252 3531 coniecturam
1301 3467 1598 3549 ascripsit
1643 3465 1751 3551 (cf.
1802 3485 1854 3531 c.
1898 3468 1958 3543 8,
2000 3467 2037 3528 5
2080 3464 2156 3528 ad
2203 3463 2398 3527 uerba
2435 3484 2476 3525 a
2513 3481 2668 3525 com-

352 3569 605 3657 plexu).
663 3573 1012 3655 Pleraeque
1078 3578 1264 3639 notae
1320 3574 1571 3638 Bentlei
1637 3576 1788 3638 sunt
1854 3572 2268 3648 coniecturae,
2327 3588 2483 3650 quas
2550 3588 2665 3632 suo

370 3697 691 3761 quamque
738 3679 880 3744 loco
930 3681 993 3744 in
1043 3683 1346 3764 apparatu
1393 3680 1752 3763 posuimuS‚
1803 3679 1957 3743 alias
2007 3680 2221 3741 autem
2278 3680 2459 3741 notas
2510 3694 2668 3755 quae

368 3783 433 3846 in
485 3789 796 3868 apparatu
851 3787 1062 3852 minus
1119 3787 1415 3852 idoneum
1472 3788 1686 3851 locum
1735 3786 1964 3849 habere
2011 3784 2332 3860 uidentur,
2379 3782 2483 3846 hic
2530 3801 2669 3864 pro-

366 3890 691 3971 ponimus.
725 3890 1028 3975 Spectant
1065 3894 1234 3957 enim
1271 3893 1349 3956 ad
1386 3893 1655 3975 primam
1698 3892 1994 3975 paginam
2030 3890 2265 3955 codicis
2299 3889 2665 3964 Colbertini‚

369 4016 563 4079 quam
636 3999 808 4080 apud
870 4000 958 4063 Le
980 3999 1340 4083 Nourryum
1409 3998 1765 4081 Specimine
1840 3998 1973 4076 illo,
2052 3996 2432 4078 quibusdam
2505 3994 2666 4058 locis

449 4223 508 4291 ¹⁴¹)
533 4222 615 4279 Cf.
659 4224 774 4277 eius
811 4224 1036 4277 Bericht
1077 4224 1210 4277 iiber
1257 4225 1344 4278 die
1386 4224 1461 4277 im
1499 4225 1749 4293 Austray
1787 4224 1881 4276 der
1917 4222 2668 4276 Kirchenvc'itercommission

366 4319 814 4368 unternommene
884 4313 1375 4382 Durchforschuny
1447 4313 1542 4367 der
1605 4313 1984 4366 Bibliotheken
2057 4310 2372 4380 Εηρῑαηᾱε,
2448 4310 2668 4364 Wiener

370 4401 882 4473 Sitzunysberichte,
920 4401 1223 4458 Phia-hist.
1267 4402 1348 4458 ΟΖ.
1387 4402 1495 4455 uol.
1532 4399 1805 4455 LXXXIV
1841 4401 2024 4470 (1876)
2063 4417 2113 4469 p.
2152 4400 2272 4454 536.
