3132 5043
856 490 1266 544 rerumque
1322 476 2028 544 grammaticarum.

2481 478 2614 542 409

315 670 396 735 cf.
468 684 767 721 commeare
841 684 1090 721 emanare
1156 668 1410 724 excedere
1468 667 1687 722 debilis:
1745 669 1910 738 pedes
1968 668 2036 722 ad
2093 668 2479 722 ambulandum
2527 669 2615 723 de-

323 757 516 810 exilire
571 757 711 811 exire
752 757 979 810 existere
1017 757 1250 825 migrare
1287 774 1410 826 pro·

315 845 521 900 cedere
559 847 842 916 profluere.
873 878 940 886 —
972 847 1191 915 abigere
1232 846 1410 899 delere

315 935 602 1004 depellere
651 936 919 1005 deponere
969 952 1187 1005 egerere
1240 935 1410 988 eicere

322 1023 612 1078 excludere
637 1028 884 1078 excutere
915 1025 1193 1079 extrahere
1221 1025 1410 1094 fugare

321 1114 559 1167 liberare
598 1114 800 1183 pellere
840 1130 1027 1183 rapere
1065 1114 1268 1167 reicere
1306 1115 1408 1167 tol-

313 1203 436 1256 lere
484 1203 700 1255 trahere
749 1203 1056 1256 transferre.
1112 1204 1190 1256 ad
1238 1202 1409 1272 siqni-

303 1291 613 1359 ficandam
658 1292 921 1361 oriyinem
967 1292 1037 1358 cf.
1091 1309 1207 1345 esse
1246 1309 1408 1361 gene-

325 1397 446 1433 rare
497 1381 722 1450 gignere
774 1381 925 1434 nasci
977 1381 1120 1435 oriri.
1169 1397 1304 1434 unus
1344 1381 1410 1435 de

322 1469 675 1539 philosophia
721 1470 871 1523 locus
919 1469 948 1522 Ι
994 1471 1117 1535 534,
1159 1471 1241 1524 19.
1282 1487 1408 1524 con-

315 1575 563 1613 crescere
626 1557 854 1611 condere
903 1558 1227 1628 conpingere
1284 1575 1405 1611 con-

321 1663 523 1717 ponere
572 1650 818 1701 constare
865 1664 982 1700 esse
1029 1646 1292 1701 fabricare
1330 1646 1406 1701 fa-

315 1753 446 1790 cere
477 1735 638 1805 (fieri)
667 1736 898 1803 figurare
927 1735 1129 1804 fingere
1159 1734 1405 1789 formare.

327 1827 411 1894 [ut
453 1825 755 1890 (uirtutem)
796 1824 1000 1877 faceret
1040 1823 1106 1877 de
1143 1824 1408 1877 malorum

319 1913 730 1967 conflictatione
769 1912 1063 1982 perfectam
1092 1913 1120 1966 1
1149 1914 1254 1967 602
1284 1914 1404 1967 adn.

317 2020 395 2058 cr.
453 2008 482 2066 ἓ
540 2003 614 2071 6.]
670 2017 846 2054 rerum
914 2018 1123 2054 summa
1186 2003 1276 2055 uel
1342 2002 1407 2055 de

321 2091 559 2160 simplici
598 2090 795 2159 duplex
832 2091 921 2143 uel
952 2090 1017 2143 de
1049 2090 1253 2161 duplici
1278 2092 1404 2145 sim-

322 2181 445 2250 plex
490 2180 547 2232 H
593 2181 680 2244 34,
720 2179 806 2233 20.
847 2211 913 2219 —
954 2196 1143 2248 capere
1189 2182 1406 2249 captare

310 2270 580 2337 colligere
617 2269 801 2337 legere
836 2267 1112 2338 percipere
1150 2268 1403 2337 proferre.

320 2359 585 2412 solacium
635 2358 836 2411 habere
889 2357 956 2410 de
1007 2357 1034 2409 I
1086 2359 1209 2422 462,
1250 2360 1297 2411 7.
1337 2389 1403 2396 —

311 2464 582 2518 apparere
637 2463 827 2515 capere
881 2462 1096 2500 cernere
1151 2446 1404 2515 colligere

320 2537 628 2591 coniectare
695 2536 886 2590 docere
952 2536 1259 2590 existimare
1314 2537 1402 2590 fir-

315 2642 467 2680 mare
523 2624 844 2694 intellegere
899 2641 1121 2679 noscere
1175 2627 1404 2695 probare

308 2715 523 2769 sentire
591 2731 821 2783 sperare.
895 2730 1059 2767 sensu
1121 2717 1403 2783 partitiuo

313 2804 390 2871 cf.
426 2803 720 2857 accendere
751 2804 893 2857 alere
925 2820 1123 2872 augere
1165 2820 1281 2857 esse
1320 2806 1401 2856 in-

313 2893 472 2960 plere
536 2892 795 2960 inponere
855 2892 1121 2981 inspirare
1195 2896 1400 2946 notare.

315 2998 446 3050 pars
507 2981 699 3048 exigua
757 2979 822 3033 de
877 2983 996 3033 toto
1044 2980 1073 3032 Ι
1120 2980 1169 3044 8,
1214 2983 1295 3034 17.
1338 2981 1402 3035 de

313 3069 507 3122 multis
565 3085 735 3138 pauca
790 3069 818 3121 I
872 3070 995 3132 428,
1036 3071 1084 3123 3.
1137 3071 1403 3139 particula

320 3158 387 3212 de
426 3159 485 3211 II
524 3160 610 3223 92,
650 3159 698 3210 7.
740 3158 945 3228 aliquid
975 3158 1041 3211 de
1081 3175 1176 3212 suo
1214 3161 1241 3212 Ι
1278 3160 1399 3224 243,

305 3249 365 3300 2.
407 3263 573 3300 sensu
609 3247 927 3301 relationis:
966 3247 1104 3300 illud
1141 3248 1215 3301 M.
1258 3248 1401 3301 Mar-

259 3368 264 3373 ·
305 3336 443 3390 celli
466 3335 531 3388 de
553 3337 958 3389 consecratione
978 3336 1213 3389 Honoris
1236 3339 1401 3406 atque

311 3424 554 3477 Virtutis
590 3427 677 3489 (=
700 3424 844 3493 quod
874 3425 1137 3493 templum
1166 3426 1401 3479 Honoris

312 3517 373 3568 et
429 3512 666 3566 Virtutis
724 3514 1082 3580 consecrauit)
1121 3513 1150 3566 Ι
1188 3515 1274 3577 73,
1316 3516 1398 3568 24.

313 3603 479 3656 facile
521 3602 586 3654 de
627 3601 820 3655 damno
861 3606 944 3655 est
980 3604 1007 3656 Ι
1047 3605 1167 3666 731,
1211 3606 1293 3658 13.

232 3691 609 3746 debacchatus
626 3692 682 3744 in
695 3692 878 3744 orbem
889 3695 1065 3744 terrae
1076 3691 1132 3744 11
1145 3693 1200 3745 Μ
1216 3692 1335 3757 196,
1351 3695 1398 3747 6.

232 3781 521 3834 debellare
577 3781 604 3833 Ι
655 3782 742 3844 35,
794 3782 843 3834 6.
898 3782 1019 3843 347,
1058 3783 1109 3834 4.
1152 3782 1272 3845 719,
1317 3782 1398 3835 18.

313 3870 373 3922 Π
410 3870 470 3922 Μ
509 3870 632 3931 206,
677 3869 758 3922 12.
793 3868 1090 3922 debellauit
1121 3869 1251 3923 deus
1281 3888 1398 3939 per-

314 3960 594 4011 secutores
630 3957 686 4010 11
722 3957 781 4010 M
818 3959 938 4019 235,
980 3958 1028 4013 2.

241 4045 568 4100 debellatrix
604 4046 827 4115 pudoris
864 4046 1036 4099 libido
1074 4047 1102 4100 I
1140 4048 1223 4111 32,
1265 4050 1314 4102 5.

231 4134 467 4188 debere:
492 4133 741 4188 debuisse
758 4135 875 4188 fieri
891 4136 1051 4189 aliter
1066 4136 1397 4204 (imperson.)

312 4223 374 4276 II
417 4225 501 4286 16,
541 4225 627 4277 22.
671 4224 814 4292 quod
854 4225 1014 4277 aliter
1057 4224 1174 4277 fieri
1214 4225 1400 4279 debuit

313 4311 371 4364 II
413 4313 496 4375 14,
531 4313 613 4365 14.
649 4313 788 4365 nihil
815 4312 932 4365 fieri
961 4313 1119 4366 aliter
1150 4313 1400 4368 debuisse

301 4400 371 4453 ⁷II
412 4401 494 4464 10,
538 4401 621 4454 18.

347 4527 537 4566 xxvn.
570 4527 700 4568 ιω.
730 4530 772 4578 2,
803 4527 912 4567 fase.
943 4530 984 4568 2.

1536 757 1676 811 biles
1715 757 1771 811 11
1807 758 1895 822 32,
1938 759 2020 811 11.
2060 781 2127 803 --
2166 758 2389 811 mutilus
2427 758 2455 811 I
2494 761 2614 821 512,

1541 849 1589 901 1.
1628 846 1752 912 589,
1795 847 1877 900 14.
1916 846 1974 899 II
2008 847 2095 911 26,
2134 849 2185 901 9.
2222 848 2370 911 item,
2406 852 2468 900 ut
2497 848 2613 901 uid.

1536 937 1564 989 I
1604 937 1652 999 6,
1694 938 1742 991 1.
1792 936 1912 999 330,
1964 937 2046 990 11.
2097 937 2218 1001 331,
2268 939 2317 991 6.
2366 936 2488 1001 332,
2532 938 2612 991 10.

1537 1027 1607 1093 cf.
1650 1042 1827 1093 aeger.
1866 1056 1934 1064 —
1976 1028 2129 1079 curta
2166 1027 2223 1078 et
2260 1024 2455 1079 debilis
2504 1025 2612 1078 dis-

1536 1115 1751 1183 putatio
1789 1113 1818 1167 1
1857 1114 1978 1175 538,
2019 1115 2104 1170 21.

1466 1202 1753 1256 debilitare
1810 1202 1901 1272 (=
1947 1203 2219 1265 mutilare,
2275 1205 2546 1268 truncare)
2590 1202 2615 1254 I

1534 1292 1659 1354 469,
1713 1294 1762 1346 6.
1816 1292 1872 1345 11
1920 1292 1977 1344 M
2029 1291 2151 1355 215,
2208 1292 2288 1345 15.
2343 1321 2409 1330 -
2463 1290 2520 1353 ΙΙ
2558 1290 2614 1343 Μ

1535 1382 1660 1442 225,
1698 1382 1745 1435 6.

1465 1468 1681 1523 debitor
1714 1469 1743 1522 Ι
1782 1470 1901 1533 708,
1945 1470 2028 1522 12.

1465 1558 1749 1612 decedere:
1787 1558 1845 1611 id
1885 1558 1970 1611 cui
2008 1558 2143 1611 nihil
2195 1557 2452 1611 decedere
2491 1576 2613 1627 pos-

1535 1648 1610 1701 sit
1659 1647 1686 1699 I
1741 1647 1793 1711 8,
1845 1648 1893 1699 7.
1947 1650 2010 1699 ut
2062 1650 2287 1699 naturae
2338 1646 2615 1699 inmortali

1536 1737 1823 1807 quicquam
1879 1735 2165 1789 decederet
2218 1736 2246 1789 I
2301 1736 2423 1798 369,
2461 1736 2511 1790 3.
2555 1753 2613 1789 ex

1534 1842 1591 1879 re
1629 1825 1784 1879 tenui
1821 1826 1878 1878 II
1917 1825 2001 1890 60,
2040 1826 2093 1878 4.
2146 1841 2265 1878 cum
2313 1825 2393 1877 sol
2431 1823 2613 1878 deces-

1533 1915 1667 1968 serit
1702 1914 1730 1966 Ι
1766 1914 1889 1975 483,
1931 1916 1978 1968 7.
2016 1914 2134 1967 sim.
2175 1914 2202 1966 Ι
2243 1913 2360 1975 118,
2404 1913 2485 1965 11.

1463 2004 1658 2057 decens
1705 2003 1760 2056 II
1807 2004 1892 2067 35,
1942 2004 1991 2056 2.
2039 2004 2125 2066 37,
2177 2003 2227 2055 4.
2266 2003 2354 2063 47,
2395 2004 2478 2055 22.
2521 2002 2612 2055 de-

1534 2093 1876 2147 centissimus
1914 2091 1971 2144 11
2008 2092 2094 2155 33,
2137 2092 2182 2145 1.
2222 2091 2311 2156 37,
2355 2091 2434 2144 10.

1462 2182 1719 2235 decenter
1753 2181 1811 2233 II
1849 2182 1934 2245 36,
1977 2181 2057 2234 10.

1462 2269 1716 2323 decentia
1751 2268 1809 2321 11
1846 2270 1933 2330 27,
1972 2268 2025 2324 2.

1462 2358 1721 2428 deceptor
1755 2357 1812 2410 II
1852 2358 1935 2420 73,
1975 2358 2025 2409 6.

1462 2446 1736 2517 deceptrix
1773 2446 1801 2499 1
1840 2446 1959 2509 745,
2000 2447 2048 2499 3.

1461 2537 1672 2590 decere:
1728 2536 1884 2589 decet
1934 2552 1975 2589 c.
2033 2552 2143 2589 acc.
2197 2552 2237 2590 c.
2277 2537 2381 2603 inf.
2422 2537 2449 2590 I
2486 2539 2609 2601 492,

1530 2628 1580 2679 9.
1627 2642 1727 2679 nec
1780 2625 1922 2678 enim
1970 2624 2198 2678 decebat
2235 2628 2299 2679 ut
2335 2625 2362 2678 I
2403 2627 2520 2690 179,
2558 2629 2607 2679 4.

1460 2715 1746 2784 decerpere
1784 2714 1840 2767 11
1880 2716 1928 2776 6,
1973 2714 2053 2767 12.
2094 2715 2179 2776 36,
2220 2714 2305 2767 20.

1460 2802 1733 2857 decidere:
1775 2803 2025 2871 quotiens
2062 2805 2273 2856 montes
2313 2800 2612 2855 deciderint

1530 2893 1748 2961 abrupti
1785 2893 1813 2945 Ι
1851 2893 1972 2954 589,
2013 2892 2059 2944 6.
2100 2892 2157 2943 in
2204 2891 2344 2944 hanc
2395 2891 2608 2944 foueam

1530 2981 1737 3034 decidit
1791 2979 2097 3049 (prouerb.)
2155 2980 2182 3032 Ι
2244 2980 2361 3041 139,
2424 2980 2504 3034 12.
2554 2980 2609 3032 in

1526 3074 1751 3139 peccata
1790 3070 1815 3122 1
1855 3071 1976 3128 572,
2016 3069 2101 3122 21.
2141 3069 2198 3121 in
2252 3069 2504 3122 tenebras
2554 3068 2609 3121 II

1526 3160 1585 3212 M
1627 3160 1744 3223 192,
1787 3160 1868 3213 12,

1458 3248 1636 3301 decies
1669 3250 1796 3316 (pro
1826 3263 2050 3300 numero
2079 3246 2341 3313 rotundo)
2364 3246 2391 3298 1
2413 3246 2534 3309 390,
2559 3246 2606 3302 2.

1455 3337 1642 3390 furtim
1684 3337 1928 3404 decipere
1966 3336 1993 3388 Ι
2032 3336 2116 3397 76,
2160 3335 2240 3388 18.

1458 3424 1905 3478 declamatorium
1956 3423 2173 3477 dicendi
2210 3439 2381 3492 genus
2420 3423 2447 3475 Ι
2485 3424 2607 3485 215,

1531 3515 1613 3569 13.

1458 3602 1731 3655 declarare
1771 3627 1837 3648 -τ
1880 3601 2164 3654 ostendere
2194 3602 2221 3654 I
2255 3602 2337 3664 15,
2372 3601 2453 3654 13.
2486 3601 2606 3662 366,

1530 3692 1613 3747 11.
1674 3691 1748 3744 αῖ.
1807 3690 2106 3743 declarauit
2162 3689 2344 3742 dicens
2401 3689 2429 3741 I
2483 3689 2605 3751 311,

1530 3782 1612 3834 16.
1654 3780 1775 3842 328,
1816 3781 1863 3833 6.
1903 3780 2151 3847 sequitur
2188 3777 2333 3847 quod
2381 3795 2423 3832 c.
2464 3778 2604 3832 coni.

1530 3873 1661 3936 (pro
1701 3885 1810 3922 acc.
1852 3885 1894 3921 c.
1934 3867 2060 3937 inf.)
2107 3867 2135 3919 I
2173 3867 2293 3930 311,
2333 3869 2382 3921 5.
2422 3869 2605 3934 gratu-

1526 3958 1678 4011 landi
1736 3958 1973 4012 officium
2030 3973 2162 4010 uoce
2221 3955 2516 4009 declarant·
2554 3954 2607 4006 ΙΙ

1528 4047 1613 4109 78,
1652 4047 1739 4100 21.
1781 4070 1847 4091 =
1890 4046 2154 4114 explicare
2194 4045 2249 4097 II
2290 4046 2408 4109 106,
2449 4046 2534 4099 22.

1456 4136 1752 4188 declinare:
1787 4141 1957 4188 trans
2000 4135 2054 4185 in
2085 4134 2243 4187 malis
2274 4132 2607 4187 declinandis

1525 4225 1553 4277 I
1590 4226 1711 4286 595,
1761 4225 1809 4277 8.
1857 4223 2098 4276 intrans,
2146 4240 2177 4275 a.
2230 4222 2377 4290 (fide)
2418 4223 2445 4275 Ι
2481 4223 2605 4285 442,

1531 4314 1613 4366 13.
1656 4313 1777 4375 703,
1817 4312 1901 4366 28.
1941 4312 1997 4364 in
2039 4311 2254 4379 (malam
2292 4313 2521 4379 partem)
2550 4310 2605 4363 ΙΙ

1527 4403 1613 4464 58,
1658 4403 1739 4455 17.
1781 4402 1898 4465 158,
1939 4404 1987 4456 6.

2465 4505 2531 4557 27
