3132 5043
1177 452 1760 521 Prolegomena.
2407 454 2624 518 XXIX

322 648 682 712 adlatorum
726 647 789 710 in
836 645 1052 710 Indice
1099 646 1440 710 uerborum
1496 664 1833 726 rerumque
1891 645 2449 729 grammaticarum
2495 647 2622 711 nisi

316 773 569 836 perraro
618 754 928 818 rationem
975 771 1098 817 non
1145 752 1506 817 habuimus,

411 1086 601 1167 Quod
648 1086 958 1167 superest,
1005 1086 1081 1146 ut
1125 1082 1484 1147 indicemus
1536 1101 1696 1165 quae
1745 1082 2079 1164 utriusque
2136 1085 2424 1148 nostrum
2472 1102 2622 1165 quo-

319 1215 465 1258 rum
514 1191 772 1257 nomina
815 1191 969 1254 haec
1021 1189 1216 1254 editio
1255 1189 1564 1253 Mori-ium
1609 1208 1757 1271 prae
1806 1208 1873 1253 se
1919 1190 2061 1265 fert,
2101 1189 2162 1253 in
2223 1209 2296 1253 ea
2349 1190 2623 1273 paranda

318 1299 559 1365 fuerint
605 1282 836 1382 parte'S,
878 1296 1195 1381 Georgius
1234 1296 1626 1373 Laubmann,
1669 1291 1995 1377 qui'initio
2033 1295 2269 1360 librum
2309 1297 2619 1360 edendum

319 1408 712 1487 susceperat,
764 1423 908 1468 cum
954 1404 1249 1485 plurimis
1298 1401 1580 1466 muneris
1628 1402 1875 1484 publici
1923 1403 2023 1467 sui
2071 1403 2298 1477 officiis
2348 1403 2616 1485 aliisque

317 1512 597 1598 negotiis
657 1513 1003 1593 occupatus
1061 1510 1310 1574 uideret
1367 1529 1514 1573 611111
1568 1509 1854 1593 longiore
1905 1509 2160 1573 demum
2206 1513 2494 1591 tempore
2542 1510 2619 1573 ad

316 1620 510 1683 finem
558 1617 819 1700 perduci
864 1635 1075 1699 posse,
1116 1620 1490 1699 apparatum
1531 1615 1821 1680 criticum
1864 1620 1928 1680 et
1965 1635 2036 1680 66
2076 1635 2234 1697 quae
2275 1616 2621 1699 collegerat

321 1726 911 1808 conscripseratque
980 1724 1262 1790 Samueli
1326 1725 1629 1789 Brandtio
1697 1723 1978 1800 tradidit,
2050 1724 2157 1805 qui
2215 1723 2339 1788 sibi
2396 1742 2619 1807 operae

320 1834 540 1900 socius
590 1836 779 1897 esset.
826 1833 909 1896 Et
956 1852 1099 1897 cum
1149 1834 1224 1897 de
1273 1833 1569 1897 omnibus
1607 1832 1962 1896 rationibus
2001 1831 2079 1895 ad
2115 1832 2277 1895 116116
2313 1831 2618 1895 Mortium

319 1941 664 2005 editionem
743 1940 1181 2022 spectantibus
1256 1940 1445 2003 facile
1519 1941 1686 2003 inter
1749 1958 1864 2004 nos
1934 1938 2356 2013 conuenisset,
2427 1938 2617 2002 etiam

318 2049 537 2111 textus
600 2045 1089 2117 communicatis
1150 2046 1314 2110 inter
1373 2066 1487 2111 1106
1551 2045 1833 2112 6011611116
1895 2045 2285 2109 constitutus
2349 2047 2465 2108 est.
2523 2044 2622 2107 Ita

321 2172 516 2235 quam
592 2153 1104 2217 coniunctionem
1179 2156 1460 2217 nostram
1534 2152 1717 2216 initia
1790 2151 2013 2216 edendi
2078 2150 2270 2215 huius
2338 2150 2617 2233 corporis

318 2259 723 2323 Lactantiani
790 2259 1218 2338 condiderant,
1279 2278 1416 2324 eam
1472 2259 1618 2324 finis
1675 2259 1877 2324 totius
1936 2258 2142 2341 operis
2202 2255 2617 2322 confirmauit.

412 2366 483 2429 In
524 2365 804 2449 plagulis
846 2366 1235 2449 corrigendis
1267 2365 1649 2430 adiuuerunt
1679 2385 1792 2430 nos
1829 2364 2266 2429 Fridericus
2309 2362 2619 2428 Schoell

202 2546 209 2550 ‚
314 2491 435 2556 per
488 2474 691 2538 totam
748 2472 906 2537 hanc
962 2470 1276 2536 Lactantii
1334 2471 1682 2537 editionem
1737 2474 1811 2536 ut
1856 2472 1919 2536 in
1969 2471 2112 2537 aliis
2158 2470 2368 2544 rebus,
2415 2469 2508 2534 ita
2553 2468 2616 2532 in

314 2580 440 2644 hac
506 2598 719 2643 comes
785 2579 968 2644 nobis
1034 2579 1571 2662 prudentissimus
1638 2579 2287 2664 benignissimusque,
2364 2581 2428 2641 et
2498 2576 2617 2639 Al-

317 2685 605 2750 fredus
683 2704 717 2747 a
789 2685 1387 2750 Domaszewski
1469 2686 2041 2769 Heidelbergenses
2128 2686 2190 2748 et
2275 2683 2617 2749 Carolus

320 2792 703 2875 Weyman
758 2791 1185 2856 Monacensis,
1245 2790 1493 2871 Quibus
1554 2791 1713 2856 uiris
1782 2792 2038 2875 optimis
2106 2790 2621 2871 doctissimisque

314 2899 560 2983 gratias
625 2898 934 2963 habemus
1001 2918 1073 2963 eo
1140 2900 1432 2976 111610166,
1500 2899 1650 2980 quia
1714 2899 2018 2963 auxilium
2085 2918 2300 2963 eorum
2357 2896 2617 2960 minime

317 3005 615 3070 constitit
670 3005 837 3070 intra
889 3005 1046 3070 fines
1103 3006 1280 3071 illius
1341 3026 1596 3088 operae:
1653 3007 1716 3070 id
1765 3006 1934 3088 quod
1982 3026 2052 3070 ex
2098 3006 2177 3070 iis
2222 3005 2383 3069 locis
2432 3022 2618 3086 appa-

314 3114 498 3175 ratus
546 3112 751 3176 nostri
804 3112 869 3176 in
930 3113 1161 3194 quibus
1209 3113 1464 3177 nomina
1512 3132 1730 3178 eorum
1779 3114 2101 3197 leguntur,
2152 3111 2355 3177 conici
2409 3109 2614 3193 magis

316 3217 790 3300 quodammodo
842 3238 1031 3301 quam
1076 3220 1262 3302 plene
1311 3220 1633 3284 aestimari
1681 3222 1912 3303 potest.

404 3411 874 3496 Heidelbergae
935 3415 1000 3476 et
1044 3413 1296 3478 Monaci
1360 3414 1501 3479 Kal.
1549 3414 1733 3477 Febr.
1783 3433 1837 3477 a.
1885 3408 2616 3477 MDCCCLXXXXVII.

1754 3660 2036 3732 Samuel
2089 3659 2398 3732 Brandt.

1669 3817 2008 3909 Georyius
2060 3815 2509 3890 Laubmamz.
