3132 5043
466 468 596 530 310

540 657 680 710 cruci
746 656 951 710 adfixus

541 747 658 808 173,
702 745 782 799 11.

466 851 635 904 genae
673 833 729 886 II
767 834 851 895 33,
896 835 976 890 10.
1017 835 1105 893 36,
1144 836 1232 889 21.

467 922 727 991 genitalia
764 923 821 975 II
859 924 943 987 25,
983 925 1033 977 6.
1072 925 1160 985 47,
1201 924 1248 977 6.

467 1012 748 1079 geniorum
795 1028 988 1065 nomen
1042 1011 1329 1064 daemones
1378 1010 1481 1064 sibi
1523 1009 1617 1062 ad-

538 1102 784 1152 sumunt:
838 1101 915 1152 sic
952 1099 1148 1153 Latino
1187 1116 1431 1153 sermone
1489 1098 1616 1151 dae-

535 1205 723 1240 monas
781 1189 1208 1257 interpretantur
1263 1188 1290 1240 1
1348 1188 1466 1250 164,
1532 1188 1615 1242 17.

540 1278 658 1338 696,
701 1278 749 1329 2.

468 1368 659 1432 gentes
698 1363 755 1416 id
795 1368 880 1417 est
907 1365 947 1416 ii
979 1364 1068 1432 qui
1101 1363 1258 1417 deum
1289 1365 1620 1433 ignorabant

538 1451 564 1504 Ι
602 1453 724 1513 306,
762 1454 842 1505 13.
886 1452 1154 1521 quomodo
1187 1470 1302 1505 esse
1344 1454 1620 1521 coeperint

539 1541 566 1593 I
607 1542 724 1601 161,
768 1542 1029 1601 17—162,
1074 1543 1155 1594 15.
1209 1540 1275 1593 de
1313 1542 1618 1595 hereditate

540 1630 685 1682 uitae
722 1629 1027 1681 inmortalis
1086 1646 1118 1681 a
1165 1630 1381 1683 Iudaeis
1421 1631 1490 1684 ad
1530 1649 1617 1684 ex-

537 1723 684 1772 teras
749 1719 996 1771 nationes
1055 1719 1437 1788 (alienigenas)
1495 1739 1616 1774 con·

541 1824 698 1861 uersa
733 1807 760 1860 Ι
798 1808 919 1869 305,
960 1808 992 1859 2
1032 1824 1099 1860 ss.
1142 1808 1263 1870 715,
1298 1810 1343 1863 7.
1387 1807 1614 1863 Christi-

543 1897 631 1948 ani
681 1914 712 1948 a
763 1895 861 1948 deo
904 1912 931 1948 e
971 1896 1227 1964 gentibus
1269 1899 1552 1951 conuocati
1590 1899 1617 1950 I

1026 657 1052 709 I
1118 657 1250 719 304,
1316 658 1366 710 9.
1441 655 1496 709 11
1560 657 1617 709 M

542 1986 662 2046 366,
706 1985 787 2038 10.
829 1986 948 2045 722,
993 1987 1038 2037 1.
1079 2002 1184 2037 non
1235 1986 1618 2055 extinguentur

543 2074 757 2126 omnino
812 2075 888 2140 (in
938 2091 1104 2143 regno
1143 2075 1294 2128 mille
1333 2080 1614 2141 annorum)

541 2161 568 2214 Ι
607 2162 726 2224 659,
767 2163 816 2216 3.
858 2163 975 2225 759,
1021 2163 1103 2217 10.
1143 2168 1377 2216 extremo
1416 2163 1617 2217 iudicio

545 2250 630 2302 dei
669 2250 901 2319 perditio
940 2253 1184 2319 gentium
1222 2253 1317 2305 fiet
1344 2253 1370 2305 I
1399 2254 1519 2315 665,
1554 2255 1620 2307 14

546 2356 612 2391 ss.
645 2340 765 2405 666,
795 2343 844 2394 5.
877 2341 996 2401 760,
1032 2343 1055 2393 1
1092 2358 1161 2394 ss.
1185 2372 1248 2380 —
1277 2341 1325 2394 ΙΙ
1346 2343 1402 2395 Μ
1426 2343 1543 2405 185,
1570 2345 1616 2396 7.

474 2445 653 2496 genua
689 2428 745 2480 ΙΙ
783 2430 868 2491 21,
909 2430 957 2482 8.
999 2431 1083 2491 47,
1124 2431 1209 2485 21.

475 2533 643 2586 genus
681 2516 973 2570 humanum
1004 2535 1097 2570 cur
1125 2518 1309 2573 fictum
1340 2523 1413 2575 sit
1441 2521 1467 2574 I
1498 2523 1621 2583 593,

548 2608 629 2662 12.
671 2608 736 2660 cf.
776 2607 953 2662 homo,

478 2697 776 2764 geometria
811 2697 838 2749 Ι
878 2699 998 2758 258,
1042 2699 1122 2750 11.

476 2784 756 2853 [oppidum
796 2784 1140 2854 Gergithium
1179 2786 1206 2838 I
1242 2789 1327 2849 22,
1371 2789 1478 2856 13.]

479 2872 617 2926 Geta
659 2877 763 2942 (ap.
804 2873 1138 2930 Terentium)
1179 2875 1206 2927 Ι
1248 2877 1363 2936 134,
1406 2878 1453 2929 7.

479 2961 822 3030 gingiuarum
863 2979 988 3014 usus
1031 2966 1084 3015 et
1122 2980 1317 3017 nomen
1355 2964 1411 3016 II
1450 2966 1534 3026 36,
1575 2966 1623 3018 6.

479 3049 834 3118 gladiatores:
876 3051 968 3118 qui
999 3052 1391 3120 extinguendas
1411 3054 1626 3121 publice

552 3138 756 3190 animas
807 3156 931 3191 suas
983 3140 1231 3194 uendunt
1279 3140 1306 3192 Ι
1358 3143 1482 3204 427,
1542 3144 1623 3204 17,

550 3227 667 3280 ludi
721 3226 1079 3295 (gladiatorii)
1120 3229 1147 3280 Ι
1185 3231 1306 3292 557,
1364 3231 1624 3290 13-558,

552 3317 598 3369 7.
641 3317 760 3379 742,
799 3317 994 3369 4-14,

481 3404 709 3474 [Glauca
757 3405 976 3458 Saturni
1041 3405 1152 3457 filia
1216 3406 1243 3458 Ι
1298 3408 1384 3468 54,
1442 3408 1622 3474 2-5.]

482 3494 761 3564 [oppidum
814 3493 1080 3547 Gnossum
1132 3494 1298 3547 Vesta
1347 3496 1549 3548 creauit
1600 3496 1626 3548 I

548 3585 635 3646 45,
680 3584 749 3652 1.]

481 3672 646 3727 Gothi
685 3673 740 3726 ΙΙ
776 3672 833 3725 Μ
873 3673 991 3736 187,
1035 3673 1116 3725 11.
1156 3673 1276 3736 218,
1319 3674 1401 3728 15.

480 3762 809 3816 Gracchanis
859 3761 1193 3830 temporibus
1240 3763 1410 3830 legati
1456 3763 1627 3815 Roma

551 3850 801 3902 Hennam
839 3850 991 3902 missi
1026 3850 1057 3902 Ι
1097 3850 1214 3912 112,
1259 3852 1339 3903 17.

483 3937 710 3992 Graecia
757 3940 1048 4008 Dionysius
1103 3940 1320 3993 Siciliae
1370 3944 1627 4008 tyrannus

553 4029 762 4096 potitus
829 4033 913 4080 est
975 4028 1002 4081 Ι
1072 4029 1186 4091 110,
1250 4030 1329 4083 13.
1399 4029 1519 4092 692,
1580 4030 1626 4082 7.

556 4116 813 4170 Graeciae
866 4117 943 4169 dii
994 4116 1059 4169 ab
1114 4116 1299 4169 eodem
1349 4117 1569 4186 spoliati
1604 4119 1631 4171 Ι

555 4207 675 4268 692,
729 4209 761 4260 6
815 4206 957 4273 (110,
1012 4207 1119 4271 13).
1173 4205 1398 4259 Graecia
1449 4207 1630 4260 studio

556 4293 909 4362 inquirendae
948 4295 1197 4347 ueritatis
1228 4296 1425 4347 exarsit
1451 4296 1478 4348 Ι
1507 4296 1629 4359 276,
1658 4261 1663 4354 Ι

1529 463 1769 517 Index

1747 656 1963 726 Orpheo
2011 656 2236 709 inducta
2273 657 2299 709 I
2340 657 2423 719 19,
2463 656 2546 709 16.
2598 656 2815 711 Graecia

1744 746 1877 797 alios
1929 744 2057 797 deos
2109 745 2242 798 colit
2291 749 2352 797 ut
2402 744 2628 813 prosint,
2686 745 2814 799 alios

1743 850 1810 886 ne
1857 838 2088 887 noceant
2134 834 2161 885 Ι
2210 835 2294 897 74,
2331 834 2419 886 20.
2470 832 2813 902 [Cupidinum

1746 926 1800 975 et
1828 922 2084 974 Amorum
2124 923 2409 976 simulacra
2445 923 2500 974 in
2532 922 2814 990 gymnasiis

1747 1011 2082 1063 consecrauit
2141 1010 2167 1063 Ι
2235 1012 2317 1073 74,
2378 1013 2427 1064 2.
2485 1010 2542 1062 in
2598 1010 2818 1064 Graecia

1745 1098 1967 1152 deorum
1997 1099 2241 1168 sepulcra
2267 1100 2294 1151 I
2316 1101 2400 1161 59,
2423 1101 2509 1153 23.
2539 1099 2816 1168 scriptores

1746 1186 2003 1241 Graeciae
2055 1187 2082 1239 I
2137 1188 2224 1249 59,
2281 1188 2391 1255 20.]
2464 1188 2817 1241 uetustissimi

1748 1275 2004 1329 Graeciae
2044 1276 2332 1343 scriptores
2373 1291 2506 1343 quos
2544 1276 2627 1329 illi
2667 1276 2814 1329 theo-

1746 1364 1900 1432 logos
1949 1367 2263 1432 nuncupant
2299 1364 2354 1417 11
2393 1364 2482 1426 96,
2523 1366 2570 1417 7.
2616 1365 2819 1417 Helena

1748 1452 2003 1506 Graeciae
2079 1453 2350 1523 principes
2415 1454 2735 1522 recognouit
2794 1453 2819 1505 Ι

1746 1543 1831 1605 34,
1875 1542 1956 1594 16.

1675 1629 1910 1683 Graecus
1948 1630 2108 1683 Plato
2146 1630 2173 1683 Ι
2213 1630 2333 1694 243,
2376 1632 2458 1684 12.
2501 1628 2820 1683 Graecorum

1741 1718 2081 1772 Aristonicus
2148 1720 2203 1771 et
2268 1718 2628 1787 Apollodorus
2694 1718 2819 1787 Ery-

1742 1807 1964 1860 thraeus
2002 1807 2030 1859 I
2062 1809 2180 1870 124,
2216 1808 2260 1860 1.
2291 1807 2486 1860 Graeci
2522 1807 2822 1859 habuerunt

1744 1898 1987 1965 regimen
2045 1904 2308 1950 terrarum
2349 1897 2376 1949 Ι
2415 1897 2536 1959 633,
2594 1897 2643 1951 2.
2707 1913 2819 1948 cum

1742 1986 1963 2041 Graecis
1995 1986 2136 2041 Galli
2177 2004 2233 2039 se
2262 1987 2594 2038 miscuerunt
2618 1984 2679 2037 11
2711 1987 2820 2048 155,

1749 2077 1830 2128 12.
1869 2076 2100 2128 maxime
2142 2074 2285 2144 apud
2312 2073 2544 2128 Graecos
2584 2074 2691 2126 fuit
2720 2074 2820 2126 usi·

1745 2167 1920 2217 tatum
1957 2164 2232 2216 montibus
2271 2165 2368 2215 aut
2393 2162 2706 2215 fluminibus
2733 2178 2822 2214 no-

1746 2253 1893 2305 mina.
1923 2252 1988 2305 de
2028 2252 2338 2305 hominibus
2367 2250 2554 2312 indere
2592 2249 2620 2301 I
2658 2251 2744 2312 47,
2775 2252 2820 2303 5.

1749 2340 2073 2394 Graecorum
2147 2340 2436 2409 prudentia
2500 2338 2527 2390 Ι
2593 2340 2678 2401 74,
2745 2339 2822 2391 15.

1750 2428 1942 2483 Graeci
1980 2446 2100 2482 cum
2138 2446 2235 2482 sua
2271 2428 2540 2496 sapientia
2569 2427 2595 2479 Ι
2627 2428 2748 2490 725,
2776 2428 2821 2480 4.

1751 2517 2149 2588 philosophiam
2172 2517 2460 2570 commenti
2492 2518 2618 2569 sunt
2645 2515 2676 2568 Ι
2707 2515 2823 2578 228,

1755 2612 1800 2662 1.
1855 2607 1997 2676 apud
2044 2607 2277 2662 Graecos
2322 2606 2524 2659 maiore
2561 2607 2618 2658 in
2657 2605 2826 2673 gloria

1753 2697 2065 2766 philosophi
2114 2712 2272 2764 quam
2320 2697 2559 2747 oratores
2607 2693 2825 2745 fuerunt

1752 2786 1779 2838 I
1817 2787 1868 2848 3,
1906 2787 1955 2838 9.
1988 2784 2308 2838 Graecorum
2344 2783 2540 2835 leuitas
2570 2782 2597 2834 I
2626 2784 2713 2844 57,
2747 2783 2824 2834 15.

1753 2877 1874 2938 217,
1913 2877 1963 2926 4.
2003 2890 2088 2926 res
2126 2872 2428 2925 leuissimas
2456 2888 2552 2939 pro
2582 2868 2825 2922 maximis

1752 2980 1963 3032 semper
1999 2962 2306 3015 habuerunt
2341 2961 2368 3013 I
2406 2959 2489 3023 68,
2520 2959 2569 3012 8.
2602 2975 2632 3010 a
2662 2957 2824 3011 Grae-

1755 3053 1829 3105 cis
1887 3052 2142 3104 uniuersa.
2195 3049 2408 3117 flagitia
2461 3049 2751 3110 manarunt
2801 3043 2828 3096 I

1755 3142 1840 3202 74,
1892 3140 1973 3192 13.
2022 3138 2334 3208 panegyrici
2384 3135 2487 3188 orti
2533 3137 2560 3189 1
2605 3137 2695 3198 57,
2746 3135 2827 3186 14.

1757 3228 1972 3298 [Graeci
2009 3227 2283 3280 ministros
2323 3225 2411 3277 dei
2449 3222 2700 3294 ἀγγέλους
2738 3239 2827 3275 no-

1751 3319 1963 3370 minant
1999 3316 2025 3368 I
2066 3316 2184 3378 130,
2223 3317 2254 3368 5
2294 3314 2416 3369 adn.
2457 3330 2526 3366 cr.
2565 3318 2593 3376 ξ
2632 3314 2709 3381 7.]
2734 3312 2828 3364 ho·

1752 3407 1948 3460 minem
1990 3423 2083 3458 cur
2120 3403 2398 3474 ἄνθρωπον
2438 3400 2831 3471 appellauerint

1753 3496 1779 3548 I
1832 3496 1917 3558 98,
1974 3497 2054 3549 12.
2110 3495 2231 3558 692,
2288 3494 2371 3547 12.
2424 3507 2612 3544 uocem
2664 3488 2827 3558 αὐδὴν

1754 3590 1953 3638 uocant
1983 3584 2048 3637 ab
2081 3582 2268 3636 auditu
2297 3581 2352 3633 II
2382 3582 2468 3643 29,
2500 3581 2549 3632 5.
2590 3576 2828 3644 διάβολον

1754 3673 2035 3743 appellant
2063 3671 2311 3741 spiritum
2340 3669 2543 3722 malum
2571 3666 2599 3718 I
2629 3666 2752 3728 130,
2780 3666 2828 3716 4.

1751 3763 1943 3815 melius
1981 3760 2134 3832 λόγον
2174 3760 2360 3812 dicunt
2399 3773 2558 3826 quam
2585 3771 2683 3807 nos
2716 3770 2829 3806 uer-

1752 3852 1882 3904 bum
1923 3851 2038 3902 siue
2078 3864 2377 3902 sermonem
2416 3847 2443 3899 I
2482 3845 2603 3906 300,
2633 3845 2684 3895 4.
2724 3858 2829 3895 me-

1754 3941 1860 3992 lius
1926 3938 2199 4009 μετάνοιαν
2266 3935 2455 3988 dicunt
2521 3949 2682 4001 quam
2737 3947 2829 3983 nos

1756 4027 2183 4097 resipiscentiam
2249 4025 2277 4078 I
2341 4025 2463 4086 572,
2535 4024 2617 4075 11.
2694 4020 2830 4073 unde

1759 4117 2035 4172 Christum
2074 4114 2284 4187 μεσίτην
2324 4116 2522 4166 nocent
2558 4111 2585 4163 Ι
2623 4111 2744 4172 376,
2784 4109 2830 4160 9.

1760 4206 1953 4261 Graeci
2016 4209 2229 4258 ueteres
2283 4200 2529 4273 χρίεσθαι
2583 4198 2833 4252 dicebant

1758 4294 1926 4364 ungui
1963 4294 1990 4347 Ι
2029 4294 2152 4357 294,
2193 4294 2239 4345 7.
2281 4287 2511 4362 εὐφημίᾳ
2548 4292 2609 4341 ut
2648 4284 2833 4340 Graeci

559 4384 641 4436 12.
709 4383 766 4435 in
824 4382 1048 4436 Graecia
1102 4383 1283 4436 Liberi
1349 4401 1499 4437 sacra
1564 4367 1666 4436 ab!
1761 4382 2209 4452 appellant184‚
2234 4382 2314 4435 12.
2346 4379 2578 4433 Graecos
2607 4376 2833 4429 Romani
