3132 5043
531 426 660 487 224
1067 420 1168 473 De
1224 418 1614 473 mortibus
1670 421 2278 488 persecutorum

527 615 1005 699 transgreditur.
1047 615 1215 679 acies
1254 615 1389 699 pari
1425 616 1631 681 fronte
1670 616 2071 691 concurrunt,
2113 633 2360 678 summa
2399 614 2463 677 ui
2504 614 2815 695 utrimque

526 725 871 806 pugnatur:

916 846 1164 911 neque
1226 827 1353 892 his
1415 828 1610 912 suga
1669 831 1860 892 nota
1920 848 2176 911 neque
2240 829 2444 893 illis.

477 936 601 1001 7fit
653 935 717 1000 in
774 936 928 999 urbe
987 934 1215 1000 seditio
1275 939 1340 999 et
1395 935 1518 999 dux
1579 936 1994 1017 increpitatur
2022 936 2221 1010 >uelut
2268 937 2548 1000 desertor
2595 935 2818 1001 salutis

527 1043 820 1127 publicae
870 1061 1143 1124 cumque
1189 1042 1783 1124 <conspiceretur>,
1832 1047 2089 1124 repente
2136 1045 2413 1126 populus
2452 1081 2537 1088 -—
2579 1042 2819 1108 Circen·
2884 1063 2905 1100 5

532 1170 631 1216 ses
689 1149 856 1214 enim
910 1149 1105 1213 natali
1164 1168 1280 1214 suo
1332 1149 1558 1214 edebat
1602 1188 1688 1195 —
1735 1169 1863 1215 una
1907 1169 2067 1214 uoce
2117 1150 2474 1214 subclamat
2521 1149 2820 1215 Constan-

477 1257 733 1320 8tinum
779 1255 954 1319 uinci
1000 1275 1124 1320 non
1170 1275 1380 1338 posse.
1474 1275 1598 1339 qua
1645 1275 1805 1321 uoce
1855 1260 2296 1320 consternatus
2344 1257 2611 1339 proripit
2648 1275 2714 1320 se
2751 1274 2820 1319 ac

527 1362 776 1428 uocatis
827 1362 1207 1444 quibusdam
1258 1363 1656 1428 senatoribus
1702 1363 1899 1431 libros
1951 1362 2296 1446 Sibyllinos
2344 1362 2572 1445 inspici
2618 1362 2819 1426 iubet:

527 1471 593 1534 in
641 1469 876 1553 quibus
920 1473 1244 1550 repertum
1294 1477 1393 1533 est
1436 1470 1548 1534 illo
1591 1469 1691 1533 die
1730 1469 1980 1534 hostem
2019 1470 2448 1534 Romanorum
2490 1488 2630 1533 esse
2666 1468 2822 1550 peri-

477 1577 767 1640 9turum.
861 1595 983 1658 quo
1031 1595 1332 1658 responso
1379 1576 1444 1639 in
1493 1596 1671 1658 spem
1718 1577 2025 1641 uictoriae
2072 1576 2371 1640 inductus
2418 1576 2720 1660 procedit,
2758 1575 2822 1638 in
2860 1590 2917 1632 ιο·

531 1682 732 1746 aciem
778 1683 976 1747 uenit.
1035 1702 1192 1765 pons
1242 1702 1278 1746 a
1323 1686 1502 1767 tergo
1554 1683 1692 1747 eius
1742 1683 2072 1748 scinditur.
2123 1702 2195 1747 eo
2244 1683 2384 1747 uiso
2432 1702 2644 1766 pugna
2690 1702 2823 1746 cru-

531 1788 736 1853 descit
782 1793 844 1854 et
890 1810 1114 1855 manus
1164 1790 1265 1855 dei
1312 1794 1639 1873 supererat
1686 1791 1865 1856 aciei.
1934 1790 2373 1855 Maxentianus
2420 1792 2822 1872 proterretur,

529 1895 668 1977 ipse
733 1895 796 1959 in
862 1897 1082 1978 fugam
1146 1917 1372 1962 uersus
1430 1901 1726 1980 properat
1783 1898 1861 1962 ad
1916 1900 2196 1980 pontem,
2265 1897 2374 1978 qui
2437 1896 2824 1978 interruptus

532 2004 685 2077 erat,
725 2021 798 2066 ac
836 2003 1245 2068 multitudine
1285 2004 1669 2088 fugientium
1706 2024 1966 2086 pressus
2005 2004 2068 2068 in
2108 2004 2385 2068 Tiberim
2436 2002 2826 2066 deturbatur.

447 2118 512 2173 10
533 2108 818 2175 confecto
866 2109 1120 2173 tandem
1172 2110 1580 2174 acerbissimo
1618 2111 1786 2176 bello
1828 2131 1971 2176 cum
2011 2130 2245 2194 magna
2282 2113 2540 2174 senatus
2579 2108 2826 2192 populi·
2863 2126 2907 2166 1⁵

533 2234 653 2298 que
681 2215 950 2280 Romani
983 2216 1227 2281 laetitia
1267 2220 1607 2300 susceptus
1644 2219 1990 2301 imperator
2020 2216 2470 2283 Constantinus
2502 2215 2829 2280 Maximini

531 2320 858 2403 perfidiam
917 2322 1263 2405 cognoscit,
1318 2323 1566 2387 litteras
1629 2322 2057 2406 deprehendit,
2107 2326 2353 2386 statuas
2411 2325 2474 2386 et
2518 2322 2828 2406 imagines

449 2427 798 2493 11inuenit.
907 2432 1164 2493 senatus
1233 2428 1646 2494 Constantino
1713 2430 1975 2495 uirtutis
2040 2429 2243 2513 gratia
2304 2429 2493 2511 primi
2556 2430 2828 2494 nominis

534 2535 797 2599 titulum
857 2535 1160 2611 decreuit,
1211 2557 1399 2619 quem
1455 2538 1579 2602 sibi
1624 2537 2011 2602 Maximinus
2058 2535 2451 2601 uindicabat:
2519 2537 2597 2601 ad
2641 2558 2831 2620 quem

532 2642 801 2709 uictoria
844 2644 1149 2708 liberatae
1195 2645 1372 2709 urbis
1423 2645 1849 2709 cum-fuisset
1895 2644 2126 2720 adlata,
2165 2663 2289 2708 non
2337 2644 2521 2707 aliter
2567 2644 2829 2725 accepit,
2865 2663 2909 2704 20

449 2762 723 2829 12quam
780 2750 834 2814 si
890 2751 1028 2832 ipse
1086 2750 1298 2815 uictus
1358 2755 1547 2817 esset.
1643 2751 1898 2835 cognito
1957 2750 2181 2815 deinde
2251 2754 2507 2815 senatus
2576 2751 2828 2815 decreto

535 2854 626 2919 sic
686 2857 915 2921 exarsit
969 2857 1205 2937 dolore,
1253 2861 1326 2923 ut
1381 2858 1753 2922 inimicitias
1817 2861 2030 2941 aperte
2076 2856 2495 2940 profiteretur,
2547 2858 2830 2923 conuicia

531 2961 691 3026 iocis
737 2963 933 3028 mixta
979 2964 1283 3029 aduersus
1329 2966 1776 3049 imperatorem
1824 2964 2165 3028 maximum
2217 2963 2470 3028 diceret.

713 3135 912 3190 LOCI
940 3138 1395 3192 AVCTORVM
1426 3137 2039 3193 EXPILATORVM
2072 3137 2415 3193 SIMILES
2534 3137 2584 3206 3]
2625 3138 2827 3206 Vergil.

535 3223 669 3280 Aen.
708 3225 757 3277 X
796 3226 916 3280 757.
1031 3227 1091 3280 11
1133 3244 1316 3296 pugna
1354 3226 1645 3296 crudescit]
1690 3227 1893 3296 Vergil.
1929 3226 2062 3280 Aen.
2102 3227 2179 3279 XI
2217 3227 2338 3281 833.

611 3358 636 3410 1
678 3362 1002 3412 concurrunt
1036 3359 1359 3423 Heumann,
1400 3361 1670 3414 concurrit
1712 3361 1758 3414 C
1935 3361 1967 3414 3
2017 3360 2303 3414 Bentleius
2340 3360 2531 3430 Virgil.
2569 3361 2704 3414 Aen.
2748 3361 2828 3414 10.

538 3447 658 3500 757.
699 3448 926 3516 ascrips.
1036 3451 1068 3503 5
1107 3450 1507 3519 conspiceretur
1546 3449 1676 3503 add.
1716 3449 1960 3515 Brandt,
2001 3449 2216 3517 ‘aliqua
2252 3451 2426 3503 uerba
2464 3450 2676 3503 desunt'
2716 3450 2829 3502 Pa·

433 3528 439 3536 “
530 3535 673 3604 qius,
707 3536 835 3591 item
863 3537 1038 3600 Allix,
1078 3554 1196 3591 cum
1234 3538 1576 3603 Βοὴενοῐῐαε,
1619 3539 2023 3607 cumque-hac
2064 3538 2182 3604 (nel
2211 3541 2299 3604 ea)
2352 3555 2484 3592 uoce
2533 3542 2614 3603 (u.
2659 3542 2719 3605 ¹7)
2752 3538 2828 3591 ecl.

488 3651 491 3654 ·
544 3623 716 3678 Oxon.
764 3629 934 3690 1680,
993 3629 1216 3694 tumque
1268 3629 1362 3681 uel
1413 3630 1653 3696 tuncque
1708 3627 1974 3692 Bauldri,
2033 3631 2365 3697 cunctusque
2417 3627 2546 3680 Nic.
2567 3627 2832 3680 Heinsius

538 3715 569 3767 6
610 3713 823 3776 edebat,
864 3732 970 3768 una
1007 3715 1294 3780 Heinsius,
1337 3719 1392 3769 et
1430 3716 1618 3770 debita
1660 3717 1729 3781 C,·
1768 3716 1952 3781 dabat,
1992 3716 2141 3770 edita
2176 3716 2425 3770 Bauldri
2597 3718 2626 3769 7
2666 3715 2827 3784 uinci]

537 3802 653 3855 sine
693 3819 754 3857 eo
794 3804 939 3857 uinci
975 3804 1281 3858 Heumann
1426 3823 1489 3859 ac
1526 3807 1736 3859 uocatis
1774 3806 1906 3870 Bal,
1948 3806 2193 3859 auocatis
2235 3806 2281 3859 C
2399 3805 2431 3858 8
2472 3804 2750 3858 sibellinos
2792 3805 2835 3859 C

535 3892 730 3961 inspici
765 3892 919 3946 iubet
955 3894 1018 3945 in
1054 3909 1166 3946 ras.
1210 3895 1257 3947 C
1412 3895 1478 3947 10
1516 3911 1743 3963 reponso
1790 3894 1837 3949 0
1994 3896 2056 3948 11
2099 3893 2375 3947 scenditur
2418 3894 2476 3956 C,
2516 3909 2653 3947 corr.
2691 3894 2831 3959 Bal,-

432 3974 437 3981 ’
537 3980 862 4034 rescinditur
897 3981 1077 4036 Halm
1196 3984 1262 4036 12
1302 3984 1378 4052 et]
1421 3983 1517 4036 sed
1553 3983 1785 4037 Brandt
1929 3988 2210 4053 supererat
2246 3983 2393 4036 male
2431 3999 2466 4035 a
2504 3983 2830 4052 quibusdam

539 4067 636 4135 (cs.
675 4067 1020 4124 Bauldrium
1057 4077 1109 4125 et
1142 4070 1628 4140 Buenemannum)
1678 4078 2015 4141 temptatum,
2057 4079 2137 4126 est
2173 4071 2531 4137 defendebat,·
2580 4072 2649 4139 es.
2695 4072 2829 4126 Gell.

536 4157 578 4209 Ι
611 4161 705 4220 22,
743 4163 773 4210 1
808 4176 850 4213 s.
897 4163 947 4213 6.
987 4164 1048 4211 11
1190 4161 1486 4229 proteritur
1521 4162 1768 4229 Cuperus
1881 4163 1946 4214 14
1982 4162 2084 4215 hac
2118 4162 2175 4224 G,
2218 4178 2352 4215 corr.
2381 4159 2500 4213 Bal
2610 4162 2674 4215 15
2712 4164 2829 4214 tan·-

540 4245 661 4299 dem
698 4248 834 4311 Bal,
870 4248 997 4302 item
1036 4249 1341 4314 Bentleius‘,
1379 4253 1561 4303 tamen
1608 4250 1655 4304 Ο
1762 4251 1825 4304 19
1863 4250 2184 4304 Maximinus
2223 4250 2355 4308 Bal,
2394 4248 2749 4303 maximianus
2792 4248 2836 4301 C

535 4335 841 4390 uindicarat
877 4336 1107 4406 Lenylet
1214 4340 1283 4391 22
1324 4337 1563 4392 dolorem
1611 4338 1669 4404 Ο,
1707 4355 1842 4393 corr.
1882 4339 2000 4392 Bal
