3132 5043
865 498 1272 552 rerumque
1331 482 2032 551 grammaticarum.

270 694 514 748 quassare
541 677 577 730 -Ι
616 677 738 739 589,
778 678 826 730 2.

270 772 527 836 quatenus
574 766 602 819 Ι
650 766 737 830 82,
781 768 824 818 1.
874 765 996 823 384.
1041 766 1121 819 15.
1161 764 1283 827 386,
1325 765 1406 818 16.

335 858 454 918 395,
496 859 543 909 5.
583 857 707 919 475,
749 855 830 907 19.
871 854 994 915 605,
1033 854 1119 907 22.
1160 855 1282 919 627,
1321 854 1405 906 22.

2478 486 2607 548 519
2670 472 2674 477 ’

1467 676 1558 744 qui
1587 691 1754 743 pron.
1794 675 2020 744 indefin.
2043 694 2054 728 z
2078 677 2211 743 fem.
2255 693 2360 745 qua
2386 678 2414 731 Ι
2440 679 2527 735 95.
2559 681 2606 731 9.

1535 765 1622 826 97,
1681 765 1725 818 1.
1783 765 1899 821 106.
1954 767 2038 818 24.
2091 767 2213 828 462,
2265 767 2352 819 21.
2392 767 2449 820 ΙΙ
2491 769 2608 831 107,

1537 853 1620 906 18.
1658 857 1832 905 neutr.
1866 854 2021 921 plur.
2063 869 2170 922 qua
2205 853 2261 905 II
2298 854 2347 916 8,
2388 856 2436 908 5.

333 947 453 1012 630,
495 948 540 999 1.
581 944 702 1005 660,
742 944 824 996 20.
869 944 990 1009 742,
1031 944 1077 995 7.
1120 943 1241 1003 756,
1273 941 1321 994 8.
1352 941 1406 993 II
1463 941 1556 1010 qui
1597 940 1822 1015 aduerlq.
1867 941 2121 1009 interroy.
2170 941 2198 994 Ι
2234 944 2322 1006 49,
2365 944 2447 996 18.
2489 945 2606 1007 100,

332 1037 414 1099 22,
460 1036 541 1087 16.
584 1035 666 1086 17.
706 1032 759 1084 Μ
802 1032 922 1091 173,
960 1031 1009 1083 3.
1050 1031 1173 1092 202,
1216 1031 1298 1085 19.

1537 1031 1619 1085 19.
1664 1031 1782 1093 192,
1823 1031 1869 1084 2.
1912 1030 2036 1089 234.
2079 1030 2160 1083 10.

267 1128 504 1194 quatere:
557 1121 713 1175 malis
767 1120 986 1187 (neutr.)
1035 1119 1404 1188 quatientibus
1462 1119 1591 1187 quia
1629 1135 1669 1171 c.
1708 1119 1876 1171 indic.
1907 1134 2015 1185 pro
2056 1134 2165 1171 acc.
2207 1135 2234 1171 c
2287 1119 2449 1186 infin.
2480 1127 2610 1187 post

333 1213 638 1278 (uirtutem)
690 1210 719 1263 I
769 1209 892 1270 420,
950 1209 1031 1262 19.
1071 1207 1402 1274 (daemones)

328 1304 539 1355 mentes
592 1298 862 1352 furoribus
920 1298 1173 1366 quatiunt
1217 1296 1245 1349 Ι
1284 1297 1404 1355 165,

328 1391 374 1442 7.
416 1388 726 1441 adfectibus
766 1386 918 1455 quati
955 1385 983 1438 Ι
1021 1386 1142 1449 536,
1184 1384 1232 1437 8.

265 1493 387 1544 -que
406 1475 625 1528 nomini
645 1474 921 1528 adnexum
940 1475 1002 1527 in
1021 1474 1405 1527 coniunctione

327 1566 571 1618 nominis
618 1570 667 1616 et
704 1563 1140 1631 praepositionis
1187 1578 1219 1613 a
1255 1562 1280 1614 I
1323 1564 1402 1626 17,

332 1656 412 1708 17.
453 1655 543 1716 34,
580 1654 632 1709 4.
670 1653 757 1711 84.
801 1651 882 1708 18.
928 1653 1044 1711 149,
1079 1653 1125 1704 7.
1167 1652 1286 1713 517,
1321 1651 1400 1704 18.

328 1743 393 1795 ad
430 1743 458 1796 I
503 1743 622 1804 102,
662 1742 746 1795 20.
786 1742 910 1801 215,
950 1741 998 1793 9.
1039 1740 1160 1802 331,
1192 1739 1241 1792 8.
1281 1740 1402 1803 567,

330 1832 407 1885 18.
462 1832 590 1898 611,
643 1831 692 1885 9.
745 1832 866 1891 666,
920 1829 1005 1881 22.
1059 1828 1114 1880 in
1161 1827 1189 1880 Ι
1226 1828 1312 1889 40,
1358 1830 1401 1880 1.

325 1923 413 1983 44,
462 1921 547 1973 13.
602 1919 719 1982 102,
772 1919 854 1970 11.
909 1918 1026 1980 132,
1067 1918 1115 1969 9.
1158 1917 1276 1980 148,
1319 1917 1400 1968 17.

324 2010 444 2072 479,
497 2010 547 2061 9.
598 2008 719 2069 609,
769 2008 817 2062 3.
867 2007 989 2069 612,
1033 2006 1113 2060 15.
1153 2005 1276 2067 685,
1316 2006 1400 2057 24.

327 2099 445 2160 755,
496 2099 546 2152 2.
597 2096 653 2149 ΙΙ
701 2096 818 2159 102,
874 2097 922 2148 2.
961 2094 1018 2147 Μ
1060 2095 1177 2157 195,
1221 2094 1285 2147 13
1327 2093 1400 2146 al.

1529 1207 1704 1259 uerba
1753 1208 1889 1259 scire
1941 1206 1966 1258 I
2019 1208 2141 1270 564,
2197 1207 2277 1260 13.
2329 1210 2534 1261 nescire
2583 1209 2608 1261 I

1530 1296 1654 1357 457,
1698 1297 1779 1349 14.
1823 1295 2165 1363 [intellegere
2202 1296 2230 1349 Ι
2269 1298 2390 1361 596,
2421 1298 2494 1366 2.]
2537 1300 2604 1365 cf.

1532 1384 1698 1437 etiam
1748 1384 1967 1452 eripere.
2023 1384 2149 1452 quia
2187 1409 2253 1430 =
2293 1385 2461 1454 quod:
2509 1404 2609 1441 nec

1529 1475 1714 1525 tamen
1765 1474 1985 1524 moueat
2036 1489 2356 1542 quemquam
2411 1476 2606 1545 quia—

1530 1562 1557 1614 Ι
1596 1563 1718 1625 279,
1758 1561 1806 1614 8.
1856 1567 2227 1630 persecutores
2265 1581 2371 1617 non
2412 1582 2467 1623 se
2508 1582 2604 1634 pu—

1531 1653 1653 1703 tent
1690 1650 1891 1718 inpune
1930 1650 2137 1704 laturos
2177 1653 2301 1720 quia
2331 1685 2397 1692 —
2427 1653 2455 1705 I
2484 1656 2606 1717 477,

1534 1741 1617 1793 17.
1669 1739 1796 1808 quia
1846 1755 1890 1791 c.
1941 1739 2079 1793 coni.
2132 1740 2181 1793 11
2233 1743 2349 1805 117,
2393 1744 2474 1795 14.
2507 1760 2610 1810 per

1532 1829 1918 1883 attractionem
1967 1830 2024 1883 II
2075 1833 2160 1895 56,
2217 1833 2296 1887 14.
2354 1835 2471 1896 121,
2522 1836 2606 1890 23.

1531 1934 1637 1969 non
1695 1918 1822 1985 quia
1873 1935 1914 1971 c.
1968 1921 2127 1982 coni„
2181 1919 2276 1973 sed
2328 1925 2389 1974 ut
2427 1921 2482 1974 ΙΙ
2520 1925 2605 1981 51,

1534 2007 1616 2061 19.
1640 2037 1707 2044 —-
1738 2008 1806 2069 cf.
1845 2024 1904 2059 ex
1936 2007 2075 2075 (hoc,
2109 2024 2170 2060 eo
2215 2009 2361 2078 quia)
2406 2008 2605 2063 idcirco

1527 2093 1651 2146 ideo
1693 2095 1880 2165 (quia).

323 2188 485 2257 inque
541 2203 634 2238 ara
679 2185 734 2237 11
782 2184 866 2237 Ph
923 2184 1040 2246 143,
1083 2184 1200 2236 122.
1242 2182 1404 2251 [inter
1459 2183 1780 2253 quicumque
1820 2202 1863 2237 c.
1904 2186 2175 2239 coniunct.
2216 2185 2271 2238 II
2309 2187 2364 2239 M
2398 2186 2513 2249 181,
2555 2188 2602 2239 3.

326 2293 489 2344 seque
529 2276 557 2329 Ι
602 2276 719 2337 130,
760 2277 793 2328 5
831 2274 951 2330 adn.
992 2278 1019 2338 ἓ
1058 2273 1132 2341 2.]
1163 2272 1230 2324 ob
1260 2272 1287 2324 1
1321 2274 1399 2333 19,

325 2366 371 2418 6.
412 2367 538 2429 371,
582 2366 663 2419 11.
693 2363 815 2427 400,
849 2362 896 2418 8.
928 2362 1050 2425 460,
1081 2363 1166 2415 24.
1196 2360 1251 2412 II
1283 2360 1399 2423 101,

326 2456 373 2507 9.
426 2471 527 2525 per
577 2453 602 2506 Ι
655 2454 777 2521 606,
829 2453 914 2506 21.
954 2467 1050 2519 pro
1092 2451 1116 2503 Ι
1154 2452 1275 2513 451,
1315 2450 1398 2502 22.

325 2545 603 2598 adnexum
611 2541 1019 2611 praepositioni
1035 2545 1220 2593 contra
1235 2539 1263 2592 Ι
1278 2539 1399 2601 251,

324 2634 405 2686 22.
445 2631 575 2699 280,
616 2633 699 2685 10.
728 2631 850 2694 281,
893 2631 1128 2692 10514,
1170 2630 1250 2681 17.
1279 2631 1399 2691 545,

323 2722 407 2775 22.
449 2721 576 2784 566,
620 2721 665 2775 1.
707 2736 826 2773 cum
854 2719 882 2772 Ι
910 2719 1032 2779 490,
1075 2719 1157 2772 10.
1201 2719 1320 2779 725,
1350 2717 1398 2769 4.

326 2810 389 2862 de
427 2810 455 2862 I
500 2810 621 2870 702,
663 2809 711 2863 6.
743 2809 863 2874 712,
897 2809 977 2860 18.
1012 2809 1132 2873 722,
1163 2808 1247 2860 20.
1281 2807 1399 2867 755,

322 2900 404 2951 22.
447 2929 515 2938 —
558 2914 844 2967 secumque
883 2897 908 2949 I
948 2899 998 2958 4,
1041 2897 1123 2949 15.
1178 2896 1400 2948 circum-

323 3005 423 3057 que
464 3003 735 3056 supraque
772 2986 828 3039 ΙΙ
864 2987 946 3039 Ph
990 2987 1107 3049 141,
1148 2987 1231 3041 91.
1263 3001 1400 3038 rem-

323 3093 423 3145 que
475 3075 726 3144 diemque
777 3075 835 3127 II
887 3075 969 3129 Ph
1012 3075 1130 3137 146,
1175 3076 1290 3130 154.
1331 3074 1398 3141 cf.

322 3167 507 3220 ceteri.

1528 2300 1597 2321 =
1630 2274 1883 2341 quilibet:
1922 2275 2065 2327 tanti
2106 2277 2188 2327 est
2219 2276 2604 2344 contemplatio

1531 2364 1687 2428 caeli,
1709 2377 1769 2417 ut
1793 2379 2154 2431 quascumque
2174 2365 2418 2417 miserias
2437 2364 2608 2417 libeat

1529 2453 1795 2505 sustinere
1833 2451 1858 2504 Ι
1897 2452 2018 2513 210,
2047 2453 2097 2504 4.
2128 2452 2478 2520 offuturum
2516 2453 2602 2504 11.

1459 2542 1704 2610 quidam:
1747 2541 1922 2595 simile
1962 2540 2218 2609 quiddam
2257 2542 2284 2594 Ι
2323 2544 2408 2605 92,
2449 2543 2497 2595 8.

1460 2630 1705 2700 quidem:
1748 2630 1839 2698 qui
1879 2629 2095 2699 quidem
2134 2648 2177 2686 c.
2208 2633 2347 2685 coni.
2378 2632 2406 2685 Ι
2438 2634 2486 2695 7,
2519 2633 2601 2686 19.

1530 2720 1597 2772 ab
1664 2719 1962 2786 ingeniosis
2030 2719 2248 2788 quidem
2312 2720 2439 2782 illis,
2508 2720 2603 2773 sed

1526 2812 1709 2862 tamen
1760 2808 1900 2861 falsa
1950 2809 2252 2862 dicentibus
2303 2808 2331 2860 I
2386 2809 2502 2872 178,
2555 2812 2603 2864 6.

1530 2900 1580 2962 2,
1620 2899 1669 2952 3.
1712 2900 1760 2953 9.
1792 2915 1852 2951 eo
1886 2897 2102 2967 quidem
2131 2897 2432 2966 promptius
2460 2898 2603 2966 quod

1527 2987 1555 3040 Ι
1591 2987 1714 3051 493,
1754 2987 1802 3042 6.
1842 2988 1966 3053 501,
2008 2987 2090 3041 12.
2131 3003 2239 3039 non
2269 2987 2486 3055 quidem
2517 3018 2601 3049 —,

1529 3074 1624 3128 sed
1673 3076 1806 3128 utI
1856 3077 1938 3139 79,
1995 3076 2072 3131 15.
2114 3076 2183 3143 cf.
2234 3080 2289 3129 et
2340 3076 2600 3145 (quidem)

1526 3181 1595 3217 ne
1637 3169 1726 3231 (—-
1767 3164 2024 3233 quidem).

256 3255 400 3322 queri
453 3254 522 3307 de
576 3254 601 3306 I
653 3254 776 3319 239,
827 3255 874 3305 6.
927 3252 1048 3315 623,
1098 3251 1182 3305 20.
1223 3250 1278 3303 11
1318 3252 1399 3314 15,
1458 3252 1649 3322 quidni
1687 3255 1755 3322 cf.
1796 3254 1917 3323 quis
1956 3255 2209 3322 intem-roy.

321 3344 405 3399 22.
462 3345 548 3406 16,
601 3343 682 3397 12.
738 3342 872 3396 de.'.
896 3339 1039 3410 quod
1085 3340 1143 3393 11
1192 3341 1274 3406 13,
1317 3342 1398 3393 19.
1459 3343 1612 3411 quies
1642 3367 1710 3388 =
1738 3359 1983 3395 somnus:
2025 3359 2120 3411 per
2158 3343 2395 3411 quietem
2425 3342 2453 3395 Ι
2487 3343 2601 3403 128,

320 3432 377 3484 id
416 3431 564 3502 quod
602 3431 657 3484 II
698 3432 780 3494 16,
824 3431 904 3483 13.
944 3429 1000 3482 id
1037 3445 1181 3496 sequ.
1215 3445 1325 3484 acc.
1357 3445 1397 3482 c.

320 3521 424 3588 inf.
466 3521 525 3574 II
567 3520 682 3583 102,
727 3520 772 3572 1.
812 3534 855 3571 c.
897 3533 1009 3574 acc.
1048 3533 1089 3573 c.
1120 3518 1225 3585 inf.
1257 3517 1284 3569 I
1314 3520 1397 3581 64,

321 3611 401 3663 13.
444 3611 536 3676 77,
575 3610 657 3662 11.
695 3609 749 3661 II
791 3609 872 3670 10,
915 3607 961 3659 1.

254 3696 366 3765 qui:
400 3697 591 3750 diuina
617 3696 703 3749 lex
733 3694 867 3748 duos
892 3696 949 3748 in
979 3697 1396 3761 matrimonium,

320 3786 467 3855 quod
490 3789 573 3839 est
600 3785 657 3838 in
687 3801 877 3853 corpus
907 3802 1087 3848 unum,
1119 3786 1399 3854 coniungit

318 3875 346 3928 Ι
361 3876 486 3938 568,
509 3875 589 3930 10.
613 3874 911 3927 relatiuam
932 3874 1212 3927 omissum:
1235 3890 1397 3926 sanae

1526 3433 1576 3485 2.
1617 3431 1669 3483 in
1712 3432 1893 3499 quiete
1930 3431 1958 3484 Ι
1998 3433 2083 3495 77,
2116 3433 2163 3484 7.
2199 3430 2317 3495 686,
2349 3433 2433 3484 24.
2464 3431 2520 3484 ΙΙ
2547 3431 2602 3483 Μ

1528 3521 1651 3581 223,
1721 3521 1801 3573 17.
1870 3520 2106 3588 quietem
2172 3519 2344 3571 somni
2407 3519 2603 3572 tribuit

1529 3608 1706 3673 (deus)
1747 3608 1773 3660 I
1811 3610 1933 3670 447,
1976 3609 2024 3660 1.
2065 3608 2216 3676 quies
2257 3608 2515 3661 ecclesiae
2544 3608 2600 3661 II

1524 3696 1581 3749 M
1633 3696 1753 3759 238,
1807 3698 1856 3751 4.
1912 3696 2154 3765 [publica
2203 3697 2258 3749 11
2297 3698 2349 3749 M
2389 3697 2511 3765 233,
2551 3700 2598 3752 6.

1525 3804 1620 3856 pro
1675 3786 1857 3856 quiete
1908 3787 2167 3855 temporis
2217 3786 2387 3839 nostri
2439 3785 2494 3838 II
2545 3786 2602 3839 M

1524 3878 1645 3941 231,
1686 3878 1759 3946 2.]

318 3968 548 4025 mentes,
604 3963 798 4031 quibus
853 3966 907 4016 et
944 3963 1145 4016 ueritas
1186 3962 1399 4031 placeat
1454 3965 1731 4034 quiescere
1770 3966 2053 4035 quominus
2091 3967 2119 4019 I
2157 3968 2276 4046 695,
2317 3966 2365 4019 8.

321 4062 375 4107 et
398 4059 491 4120 (sc.
515 4057 673 4121 quae)
695 4055 1051 4104 monstratum
1073 4052 1177 4105 sibi
1192 4054 1397 4104 rectum
1453 4056 1642 4124 quieta
1697 4072 1836 4123 aqua
1890 4056 1920 4109 I
1975 4057 2096 4119 545,
2153 4058 2236 4110 12.
2306 4055 2600 4124 quietiores

320 4142 426 4195 iter
484 4141 708 4194 uideant
752 4140 780 4193 1
824 4140 946 4204 400,
1009 4140 1091 4193 18.
1150 4141 1219 4208 cf.
1269 4157 1394 4195 con-

1524 4148 1700 4197 terrae
1738 4144 1793 4197 ΙΙ
1832 4146 1888 4198 Μ
1930 4146 2047 4210 193,
2087 4145 2135 4201 8.

316 4232 590 4299 yruentia.
625 4230 1024 4284 coniunctium.
1048 4247 1109 4283 ex
1129 4233 1302 4298 (quo).
1332 4230 1394 4284 is,
1454 4235 1638 4302 quiete
1678 4234 1832 4303 gradi
1870 4235 1898 4288 Ι
1936 4234 2056 4298 540,
2095 4235 2144 4288 8.

319 4319 733 4374 substantiuum
764 4321 883 4386 (ap.
914 4319 1212 4372 relatiuam
1249 4336 1395 4386 repe-
1455 4324 1689 4392 quilibet
1733 4324 1763 4377 I
1814 4326 1862 4388 9,
1919 4317 1966 4379 7.
2023 4325 2141 4388 102,
2199 4326 2278 4380 16.
2337 4323 2454 4385 184,
2514 4322 2597 4375 10.

322 4411 525 4476 titum).

1435 4451 1438 4454 -
1525 4414 1650 4479 446,
1691 4414 1771 4467 11.
1811 4413 1868 4467 ΙΙ
1907 4416 1989 4476 15,
2029 4414 2113 4469 21.
2157 4414 2241 4476 16,
2288 4413 2373 4465 20.
2427 4412 2508 4475 19,
2550 4412 2599 4465 5.
