3132 5043
1133 478 1347 531 liber
1396 495 1438 532 c.
1479 475 1565 532 26.
1608 481 1692 533 27.
2389 483 2552 545 -203

277 692 407 737 cum
456 673 702 737 uideret
746 674 1033 738 futurum
1081 677 1156 737 ut
1192 674 1576 738 Maximiano
1618 676 1989 752 traderetur,
2032 676 2276 739 dedidit
2315 696 2380 740 se
2419 676 2556 758 ipse

276 784 632 861 uestemque
688 801 1070 863 purpuream
1128 782 1330 845 eidem
1381 802 1417 845 a
1465 801 1587 863 quo
1648 787 1995 866 acceperat,
2042 783 2335 848 reddidit.
2431 786 2640 864 quoll

272 887 427 951 facto
485 887 642 950 nihil
700 888 872 952 aliud
929 889 1300 969 impetrauit
1355 888 1479 952 nisi
1536 889 1767 953 bonam
1828 894 2117 955 mortem.
2183 911 2328 954 nam
2375 889 2557 954 uenis

276 993 401 1058 eius
462 994 681 1059 incisis
745 995 974 1059 leniter
1036 996 1198 1059 mori
1266 998 1527 1060 coactus
1595 1000 1710 1060 est.
1782 993 1881 1083 [ab
1946 997 2067 1061 hoc
2134 996 2339 1080 capite
2407 1015 2558 1060 suos

220 1122 242 1160 5
273 1098 599 1187 persequi]

355 1209 455 1271 27.
546 1208 891 1272 Herculius
940 1228 1091 1273 uero
1142 1229 1287 1274 cum
1335 1209 1704 1274 Maximiani
1750 1213 1969 1276 nosset
2012 1211 2341 1288 insaniam,
2392 1209 2560 1293 cogi·
2618 1214 2643 1266 1

273 1317 394 1378 tare
433 1315 643 1396 coepit
677 1315 862 1379 illum
904 1316 1122 1380 audita
1157 1336 1309 1381 nece
1352 1316 1573 1381 Seueri
1612 1318 2074 1382 inflammatum
2113 1318 2206 1381 ira
2245 1317 2560 1398 susceptis

270 1420 614 1485 inimicitiis
673 1441 815 1486 cum
878 1423 1156 1487 exercitu
1215 1443 1355 1487 esse
1411 1428 1756 1488 uenturum
1815 1428 1880 1488 et
1931 1425 2199 1489 fortasse
2265 1423 2561 1486 adiuncto

272 1528 604 1593 Maximino
655 1549 726 1594 ac
776 1529 1118 1613 duplicatis
1170 1530 1391 1613 copiiS‚
1444 1532 1675 1613 quibus
1723 1532 1940 1596 resisti
1977 1533 2154 1596 nullo
2193 1531 2381 1596 modo
2421 1549 2563 1612 pos-

197 1659 235 1696 10
271 1638 381 1711 set,
424 1638 569 1708 <et>
621 1636 776 1699 urbe
822 1637 1071 1701 munita
1109 1640 1173 1701 et
1209 1638 1398 1702 rebus
1441 1639 1844 1711 (omnibus)
1885 1639 2219 1722 diligenter
2253 1639 2565 1703 instructa

335 1826 357 1877 1
400 1825 616 1879 dedidit
653 1843 709 1880 se
737 1827 1060 1894 Heumann,
1100 1828 1254 1881 dedit
1292 1828 1357 1881 de
1398 1845 1454 1881 se
1490 1828 1561 1894 0,·
1600 1828 1753 1881 dedit
1781 1845 1898 1881 sese
1927 1827 2046 1881 Bal
2154 1827 2186 1879 2
2228 1827 2402 1881 eidem
2430 1827 2565 1889 Bal,

269 1916 321 1965 et
351 1913 495 1966 idem
541 1914 588 1968 0
692 1916 727 1969 4
766 1917 816 1969 ei
854 1917 973 1969 Bal
1118 1917 1184 1969 ab
1223 1918 1654 1987 hoc—persequi
1692 1918 1794 1970 del.
1833 1917 1914 1970 Le
1934 1918 2168 1985 Nourry
2185 1933 2246 1983 p.
2279 1919 2383 1969 119
2406 1916 2563 1969 Heu-

265 2018 430 2055 mann
464 2003 746 2071 Duebner,
783 2011 975 2059 notam
1012 2006 1375 2075 maryinalem
1411 2007 1731 2059 mutilatam
1770 2022 1880 2059 esse
1916 2006 2193 2059 existimat
2224 2005 2450 2058 Brandt
2479 2010 2569 2072 (ut

266 2091 322 2143 in
363 2091 409 2144 G
442 2094 521 2146 ad
557 2110 602 2147 e.
646 2097 741 2160 30,
787 2097 821 2147 5
857 2096 919 2147 in
955 2111 1126 2163 mary.
1165 2113 1309 2148 mors
1346 2098 1467 2147 mai
1505 2112 1680 2147 manu
1724 2094 2009 2161 scriptoris
2056 2093 2259 2147 codicis
2308 2094 2566 2147 additum

267 2185 361 2246 est,·
414 2181 482 2248 cf.
540 2182 760 2252 Proley.
816 2183 949 2236 adn.
1005 2187 1067 2250 3)
1121 2185 1185 2236 in
1240 2188 1444 2237 textum
1500 2183 1764 2249 delatam,
1816 2199 1959 2251 quae
2010 2183 2226 2251 inteyra
2277 2184 2449 2249 fuerit
2499 2185 2565 2237 ab

265 2268 361 2322 hoc
398 2271 577 2339 capite
621 2272 684 2337 (i.
724 2289 767 2325 e.
809 2273 1070 2342 capitulo)
1114 2289 1238 2326 suos
1276 2273 1714 2342 persequi<tur>,
1751 2288 1824 2325 sc.
1861 2272 2256 2325 Maximianus
2290 2272 2569 2335 Galerius,

265 2357 356 2424 qui
386 2359 503 2412 iam
539 2376 661 2413 non
697 2362 873 2415 solum
916 2361 1283 2428 Christianos,
1320 2362 1419 2415 sed
1454 2361 1623 2415 etiam
1658 2376 1805 2426 suos,
1839 2360 2198 2414 Maxentium
2231 2378 2488 2430 yenerum
2524 2378 2568 2419 c.

267 2449 356 2514 27,
398 2452 434 2501 3
473 2453 544 2514 (c.
588 2452 688 2515 26,
725 2453 784 2515 6)
823 2467 944 2504 cum
980 2450 1250 2504 Herculio
1278 2456 1449 2519 patre
1486 2450 1606 2503 eius
1635 2466 1677 2503 c.
1709 2453 1808 2516 27,
1845 2454 1877 2502 1
1903 2450 2273 2517 persequitur,
2311 2450 2402 2503 uel
2435 2452 2567 2517 fort.

268 2538 659 2592 Maximianus
694 2539 1000 2594 Herculius
1033 2540 1430 2609 intelleqendus
1467 2546 1561 2607 est,
1602 2540 1700 2607 qui
1734 2541 1851 2592 iam
1877 2540 2230 2607 persequitur
2257 2540 2570 2593 Maximia—

268 2642 395 2679 num
447 2627 742 2682 Galerium
785 2646 1028 2683 socerum
1073 2630 1360 2683 Maxentii
1394 2629 1515 2698 filii
1564 2630 1656 2682 sui
1692 2644 1735 2683 e.
1776 2631 1874 2694 27,
1911 2632 1957 2695 1,
1994 2628 2353 2681 Maxentium
2390 2629 2570 2694 filium

269 2730 306 2768 c.
342 2718 439 2782 28,
462 2719 520 2769 Ἰ2
555 2733 620 2783 s.,
661 2716 1090 2771 Constantinum
1127 2723 1373 2785 nepotem
1411 2716 1745 2783 eundemque
1776 2731 2033 2784 yenerum
2069 2731 2112 2768 e.
2146 2717 2244 2781 29,
2287 2718 2323 2767 3
2362 2731 2432 2768 ss.
2477 2719 2573 2782 30,

268 2806 297 2853 1
327 2820 426 2870 ss.;
474 2805 543 2858 ab
593 2805 700 2859 hoc
746 2806 921 2874 (quod
964 2809 1091 2874 post
1135 2806 1238 2860 hoc
1283 2806 1684 2874 interpretatur
1719 2805 2014 2870 Heinsius)
2064 2806 2245 2874 coepit
2284 2821 2410 2858 suos
2447 2821 2569 2873 per-

272 2893 418 2960 sequi
441 2892 775 2948 Boherellus
811 2900 863 2948 et
897 2893 1025 2948 Nic.
1063 2894 1352 2961 Heinsius,
1392 2894 1457 2948 ab
1496 2895 1601 2948 hoc
1640 2894 1816 2963 capite
1855 2894 1917 2961 (i.
1957 2911 1984 2948 e
2021 2897 2077 2947 ‘a
2107 2892 2307 2947 Seuero
2348 2893 2567 2958 occiso')

271 2998 388 3035 suos
426 2983 689 3052 persequi
730 2983 909 3053 coepit
944 2985 1037 3036 uel
1075 2984 1142 3036 ob
1182 2984 1286 3036 hoc
1326 2983 1504 3052 coepit
1543 3000 1669 3036 suos
1707 2983 1960 3052 persequi
1982 2985 2371 3048 Buenemann,
2397 2982 2576 3050 plura

273 3071 531 3124 excidisse
570 3072 713 3124 coni.
762 3071 1057 3126 Columbus
1100 3072 1322 3125 Tollius
1356 3072 1520 3125 Allix
1665 3072 1697 3125 6
1735 3072 2011 3125 Hirculius
2056 3071 2101 3124 Ο
2240 3074 2269 3124 7
2310 3071 2575 3140 susceptis

270 3159 570 3213 inimicitiis
635 3161 857 3228 scripsit
920 3167 971 3214 et
1032 3160 1205 3213 uerba
1269 3177 1335 3214 ex
1398 3178 1452 3213 u.
1510 3165 1585 3213 10
1638 3161 1745 3213 huc
1813 3161 2156 3228 transposuit
2209 3161 2306 3228 (cf.
2360 3160 2574 3227 Proley.

274 3247 398 3300 adn.
442 3253 506 3314 3)
546 3248 783 3302 Brandt
900 3251 931 3301 9
986 3247 1277 3301 Maximino
1325 3249 1406 3301 ed.
1454 3247 1629 3301 Oxon.
1670 3251 1827 3300 1680
1864 3249 1952 3313 (in
1987 3248 2283 3302 Emendat.
2314 3265 2375 3317 p.
2415 3250 2577 3314 108),

271 3338 593 3391 maximiano
642 3338 689 3391 G
798 3339 862 3391 10
903 3342 959 3391 et
996 3339 1127 3391 add.
1165 3338 1416 3391 Bauldri
1561 3337 1810 3390 omnibus
1852 3338 1969 3403 (uel
2006 3353 2128 3390 cum
2171 3337 2353 3390 Tollio
2391 3353 2577 3389 neces·-

274 3426 450 3492 sariis)
494 3427 631 3480 add.
674 3432 726 3479 et
762 3444 882 3480 cum
928 3427 1109 3481 Tvllio
1147 3428 1415 3480 instructa
1451 3443 1554 3479 scr.
1594 3426 1853 3492 Brandt,·
1890 3426 2021 3479 urbe
2059 3427 2270 3479 munita
2318 3428 2374 3479 et
2419 3425 2577 3478 rebus

274 3516 439 3583 ceptis
488 3516 789 3569 inimiucis
839 3516 915 3581 (ci
961 3520 1061 3582 er.)
1116 3515 1408 3583 diligenter
1451 3515 1733 3568 instructis
1778 3514 1846 3579 G,·
1894 3532 1943 3569 u.
1983 3532 2053 3567 m.
2094 3517 2151 3567 et
2199 3514 2359 3567 rebus
2408 3513 2578 3582 ceptis

276 3604 399 3670 (sic)
430 3605 675 3658 inimicis
706 3604 998 3673 diligenter
1033 3604 1304 3657 instruens
1335 3605 1471 3670 Bal,
1502 3607 1557 3656 et
1584 3604 1744 3656 rebus
1777 3604 1948 3671 ceptis
1978 3604 2035 3655 in
2061 3603 2256 3656 itinere
2287 3601 2581 3671 diligenter

274 3692 477 3747 instans
516 3694 612 3747 uel
649 3694 909 3747 insistens
949 3693 1028 3746 ed.
1076 3692 1249 3746 Oxon.
1290 3696 1463 3759 1680,
1502 3698 1557 3746 et
1598 3709 1713 3745 eam
1755 3693 1872 3758 (uel
1911 3694 2160 3761 eamque)
2198 3692 2359 3744 rebus
2408 3691 2580 3759 captis

275 3782 505 3836 inimicis
559 3783 670 3849 (sie
716 3799 807 3850 ap.
861 3782 1201 3848 Columbum,
1247 3782 1451 3835 inimici
1491 3788 1693 3850 postea
1742 3799 1832 3847 ap.
1871 3782 2238 3847 Bauldrium)
2290 3780 2582 3850 diligenter

275 3870 546 3926 instruens
602 3870 868 3939 Cuperus,
925 3874 982 3925 et
1027 3870 1184 3924 rebus
1234 3872 1441 3941 coeptis
1490 3871 1711 3924 inimica
1757 3870 1973 3923 reddita
2027 3870 2233 3923 bellum
2291 3869 2584 3938 diligenter

276 3960 550 4013 instruens
599 3960 911 4026 Columbus,
951 3962 1008 4013 et
1044 3978 1100 4014 se
1140 3976 1299 4028 super
1338 3961 1509 4029 ceptis
1547 3960 1781 4013 inimicis
1821 3959 2113 4027 diligenter
2149 3960 2424 4011 instruens
2453 3957 2581 4012 Nic.

277 4048 565 4117 Heinsius,
606 4053 663 4103 et
698 4050 860 4103 rebus
898 4050 1218 4103 necessariis
1257 4066 1365 4102 non
1400 4048 1580 4102 minus
1620 4048 1913 4117 diligenter
1949 4050 2218 4101 instructa
2257 4054 2358 4100 aut
2395 4050 2449 4100 et
2501 4063 2583 4100 re-

279 4139 526 4192 centibus
588 4139 759 4208 copiis
814 4156 920 4191 non
976 4140 1153 4191 minus
1212 4138 1504 4206 diligenter
1556 4138 1827 4190 instructa
1882 4137 2115 4203 Tollius,
2175 4141 2229 4190 et
2283 4136 2585 4206 praeceptis

281 4229 477 4281 amicos
518 4228 819 4297 diligenter
855 4228 1128 4281 instruens
1169 4233 1270 4280 aut
1299 4230 1355 4279 et
1381 4226 1540 4279 rebus
1569 4229 1755 4279 contra
1779 4226 2025 4279 inimicos
2056 4225 2347 4294 diligenter
2374 4225 2584 4277 instans

280 4319 366 4369 uel
409 4318 675 4371 insistens
727 4316 889 4383 Gale,
938 4320 994 4370 et
1039 4317 1199 4370 rebus
1250 4317 1392 4386 aptis
1439 4316 1671 4368 inimicis
1724 4320 1847 4380 Cres
1896 4318 2053 4384 aptae
2105 4315 2336 4368 inimicis
2372 4312 2587 4365 intelle-

278 4406 523 4473 9antur')
570 4404 866 4473 diligenter
902 4406 1173 4459 instruens
1202 4405 1469 4471 Bauldri,
1501 4408 1554 4456 et
1589 4404 1749 4457 rebus
1790 4404 1995 4472 coeptis
2034 4403 2266 4456 inimicis
2298 4402 2589 4470 diligenter

2416 4506 2513 4560 14*
