3132 5043
1219 466 1604 518 nominum
1662 470 1737 519 et
1792 483 2055 522 rerum.

514 662 695 714 secuti
755 664 884 714 sunt
941 660 1029 728 (de
1089 659 1213 728 diis)
1278 658 1334 711 ΙΙ
1404 660 1489 721 96,
1556 660 1604 713 8.

513 750 762 803 Varrone
802 767 958 803 nemo
998 766 1251 818 umquam
1290 748 1503 802 doctior
1538 766 1605 802 ne

519 838 669 908 apud
726 837 958 892 Graecos
1017 838 1233 906 quidem
1279 838 1415 889 uixit
1453 836 1480 888 I
1517 838 1604 900 20,

521 929 573 980 9.
615 930 699 996 [ex
740 927 987 980 omnibus
1028 925 1344 980 ciuitatibus
1385 924 1606 978 Graecis

518 1018 549 1070 Ι
578 1019 666 1077 22,
698 1018 770 1086 9.]
805 1017 995 1072 Graeci
1025 1016 1313 1085 scriptores
1332 1015 1605 1069 Diodorus

523 1110 584 1160 et.
631 1107 853 1159 'l'hallus
906 1107 933 1159 I
972 1106 1058 1168 51,
1101 1106 1182 1158 19.
1233 1102 1470 1157 Graecae
1522 1103 1605 1155 hi-

522 1197 725 1248 storiae
764 1194 792 1246 I
831 1195 951 1255 285,
1009 1195 1088 1248 12.
1140 1193 1357 1246 litterae
1409 1193 1436 1245 1
1482 1193 1605 1257 411,

527 1285 614 1337 15.
655 1283 963 1337 comoediae
992 1282 1049 1335 H
1079 1284 1200 1348 156,
1229 1283 1278 1334 6.
1310 1282 1606 1349 scripturae

521 1373 549 1426 Ι
581 1375 704 1435 294,
737 1374 816 1426 12.
858 1371 1122 1440 [antiquis
1158 1370 1357 1424 litteris
1388 1370 1606 1424 Graecis

521 1461 551 1514 I
590 1463 679 1523 45,
718 1462 926 1523 3.-685,
967 1461 1074 1528 22,]
1117 1458 1318 1513 Graece
1347 1459 1374 1511 I
1408 1462 1488 1521 19,
1524 1460 1605 1514 11.

524 1551 616 1612 89,
655 1551 740 1605 20.
780 1550 836 1603 ΙΙ
872 1552 960 1613 53,
1004 1551 1086 1604 14.

432 1638 613 1709 [Grai
660 1640 689 1693 Ι
738 1640 824 1700 21,
881 1639 982 1708 12.]
1039 1638 1258 1693 Graium
1310 1656 1505 1692 nomen
1552 1639 1608 1692 II

521 1729 630 1783 Ph.
673 1729 792 1791 139,
834 1729 916 1781 70.

432 1816 800 1885 grammatici
847 1816 913 1869 de
959 1818 1176 1868 nomine
1224 1816 1543 1869 daemonum
1583 1817 1610 1869 I

528 1905 652 1967 163,
688 1905 769 1958 13.
804 1904 869 1957 de
908 1921 1039 1958 uoce
1069 1905 1125 1958 11
1155 1906 1239 1968 50,
1274 1906 1355 1959 10.
1379 1922 1406 1958 e
1429 1923 1607 1974 gram-

529 1995 751 2047 maticis
809 1997 958 2047 recta
1020 1994 1277 2063 loquendi
1333 1996 1471 2047 ratio
1528 1994 1583 2046 di

536 2082 740 2136 scenda
777 2082 806 2135 Ι
842 2084 966 2147 258,
1007 2084 1054 2139 8.

438 2172 713 2240 gurguno
751 2171 810 2224 11
848 2173 931 2234 39,
972 2173 1058 2227 21.
1097 2173 1183 2235 40,
1216 2158 1309 2228 ’15.

2681 472 2804 533 311

1735 663 2012 728 pauerant,
2055 661 2312 714 caelestia
2350 661 2573 714 adorare
2623 678 2811 730 coepe-

1734 752 1860 801 runt
1890 752 1947 802 et
1972 749 2290 802 animalium
2310 751 2509 818 figuras
2533 749 2813 803 coluerunt

1734 837 1762 890 Ι
1801 839 1921 895 161.
1962 839 2047 890 24.
2090 840 2208 900 162,
2247 841 2297 894 4.
2339 840 2505 892 ceteri
2544 840 2812 893 elementa

1734 928 2133 981 uenerabantur
2211 931 2265 980 et
2325 928 2542 996 regibus
2607 929 2811 997 templa

1733 1016 1993 1069 fecerunt.
2026 1017 2104 1070 sic
2133 1021 2323 1085 gentes
2365 1034 2481 1070 esse
2522 1021 2813 1086 coeperunt

1732 1105 1761 1158 Ι
1843 1106 1960 1167 162,
2042 1106 2233 1159 6-12,
2300 1105 2668 1158 Hebraeorum
2752 1107 2810 1157 in

1732 1194 1984 1262 Aegypto
2022 1210 2107 1246 res
2145 1194 2424 1261 exitusque
2466 1210 2526 1246 ex
2564 1192 2812 1263 Aegypto

1733 1284 1760 1335 I
1814 1283 1935 1345 302,
1994 1282 2220 1344 3-303‚
2278 1283 2358 1338 14.
2415 1283 2534 1344 714,
2585 1284 2810 1337 13—17.

1737 1372 1866 1441 quid
1905 1372 2217 1440 significent
2253 1371 2280 1423 l
2317 1371 2440 1434 383,
2471 1371 2731 1433 13—384,
2765 1373 2813 1424 7.

1735 1462 1856 1523 631,
1899 1462 1923 1514 1
1969 1478 2037 1513 ss,
2078 1461 2201 1526 632,
2232 1461 2282 1515 2.
2322 1461 2619 1513 amiserunt
2653 1464 2813 1514 uetus

1734 1566 1930 1602 nomen
1967 1549 2202 1601 Hebraei
2241 1551 2297 1601 et
2324 1548 2514 1601 Iudaei
2554 1549 2814 1618 appellati

1737 1642 1863 1692 sunt
1907 1639 1934 1692 Ι
1981 1638 2101 1700 303,
2155 1639 2237 1691 14.
2288 1639 2406 1701 714,
2463 1638 2543 1691 17.
2585 1638 2813 1690 maiores

1733 1729 1908 1781 nostri
1947 1730 2100 1780 erant
2135 1727 2405 1796 principes
2444 1727 2816 1780 Hebraeorum

1736 1816 1764 1869 Ι
1819 1817 1939 1877 302,
1997 1816 2047 1869 3.
2113 1815 2302 1883 lingua
2366 1815 2734 1868 Hebraeorum
2790 1815 2819 1868 Ι

1737 1907 1857 1968 629,
1882 1907 1929 1959 9.
1953 1905 2284 1958 Hebraeicae
2316 1905 2614 1972 scripturae
2639 1905 2666 1957 I
2694 1906 2816 1968 294,

1742 1996 1821 2047 13.
1865 1993 2159 2046 Hebraeice
2197 1994 2224 2046 1
2262 1994 2382 2056 294,
2427 1995 2507 2046 12.

1669 2084 1871 2136 Hector
1906 2081 1934 2134 Ι
1972 2082 2092 2145 259,
2137 2082 2218 2134 13.

1668 2172 1877 2225 Helena
1912 2171 1940 2224 Ι
1978 2173 2062 2234 34,
2107 2174 2187 2227 15.

441 2261 537 2330 [in
583 2261 877 2329 gymnasiis
908 2261 1234 2331 Cupidinum
1274 2266 1329 2316 et
1355 2261 1611 2315 Amorum
1667 2261 1852 2314 Helias
1891 2260 1919 2313 Ι
1956 2261 2077 2320 306,
2115 2262 2165 2313 4.

528 2350 822 2402 simulacra
872 2349 900 2402 Ι
947 2351 1030 2413 74,
1079 2352 1152 2419 3.]
1208 2352 1609 2420 gymnasiorum
1669 2352 1722 2404 in
1764 2350 2025 2403 Helicone
2063 2349 2090 2402 Ι
2132 2349 2212 2411 15,
2251 2351 2302 2402 4.

526 2437 858 2505 inpudicitia
893 2439 920 2492 Ι
961 2440 1044 2503 74,
1083 2442 1132 2495 6.

440 2614 742 2668 Hadriano
797 2617 1096 2686 imperante
1161 2618 1461 2672 immolatio
1517 2620 1614 2671 ho-

535 2704 698 2757 minis
737 2705 956 2773 sublata
991 2706 1019 2759 Ι
1058 2706 1142 2771 78,
1181 2709 1266 2760 24.

443 2792 888 2862 Hadrianopolis
924 2795 981 2848 ΙΙ
1016 2796 1075 2848 M
1110 2798 1233 2860 225,
1275 2799 1356 2851 19.

446 2883 721 2935 haereses
748 2883 776 2936 1
805 2885 927 2947 394,
961 2886 1042 2938 12.
1074 2887 1296 2958 (sect-ae)
1329 2886 1356 2938 I
1387 2887 1507 2950 394,
1534 2887 1614 2940 18.

449 2970 734 3023 haeretici
771 2973 798 3026 Ι
836 2973 958 3038 396,
1001 2975 1083 3028 14.

451 3058 745 3112 Hannibal
782 3060 821 3126 Ι
849 3063 968 3124 171,
1008 3063 1057 3116 8.

1674 2435 1900 2509 [Ἑλλάς
1938 2440 1965 2492 Ι
2003 2441 2088 2501 57,
2132 2440 2237 2507 19.]

1671 2529 2058 2598 Hellespontus
2107 2529 2134 2581 I
2183 2531 2271 2591 47,
2322 2530 2367 2581 7.
2421 2528 2823 2597 [Hellespontia

1746 2618 1954 2687 Sibylla
2000 2619 2026 2671 1
2066 2620 2151 2681 22,
2208 2619 2290 2673 12.
2341 2617 2461 2680 680,
2515 2618 2560 2670 1.
2609 2615 2823 2668 Helles-

1744 2707 2027 2776 pontiacus
2065 2706 2094 2759 Ι
2135 2706 2253 2769 108,
2297 2705 2402 2774 13.]

1674 2797 1729 2848 in
1785 2795 2011 2848 Hennae
2068 2795 2183 2848 solo
2242 2795 2403 2850 Ceres
2461 2794 2489 2847 Ι
2556 2795 2672 2856 112,
2741 2793 2823 2846 16.

1747 2887 1995 2938 Hennam
2031 2884 2204 2952 legati
2252 2884 2400 2935 missi
2440 2900 2471 2935 a
2507 2882 2761 2935 Romanis
2799 2881 2827 2933 I

1753 2977 1870 3037 112,
1930 2974 2013 3027 17.
2070 2973 2155 3026 22.
2224 2971 2383 3026 Ceres
2441 2972 2745 3025 Hennensis
2801 2970 2829 3022 I

1754 3066 1871 3126 112,
1915 3063 1997 3115 13.

451 3148 756 3201 harmonia
792 3149 820 3202 1
858 3150 979 3213 627,
1015 3153 1095 3205 12.
1126 3151 1182 3204 ΙΙ
1210 3155 1297 3216 54,
1337 3153 1386 3208 8.
1423 3153 1503 3206 11.
1535 3153 1620 3206 22.
1679 3153 1944 3206 Heraclea
1962 3149 2295 3218 (Perinthus)
2321 3150 2377 3203 II
2400 3150 2595 3212 M225,
2617 3151 2679 3203 17
2701 3149 2829 3220 (20).

498 3217 505 3224 ‘
543 3237 635 3300 55,
673 3237 721 3289 2.

1682 3240 2015 3311 [Heraclides
2053 3240 2080 3292 1
2119 3242 2204 3303 22,
2249 3241 2355 3308 13].

455 3326 775 3379 Harmonia
821 3327 1014 3381 Martis
1072 3332 1127 3381 et
1172 3330 1397 3383 Veneris
1449 3331 1564 3384 filia
1600 3331 1627 3383 I
1684 3330 1990 3384 Heraclitus
2049 3345 2110 3381 ex
2163 3329 2282 3397 igni
2336 3331 2466 3381 nata
2523 3343 2639 3380 esse
2697 3327 2833 3379 dixit

547 3414 638 3477 65,
681 3416 759 3468 16.

1757 3419 1937 3471 omnia
1973 3417 2001 3470 Ι
2041 3418 2157 3480 145,
2198 3419 2247 3470 2.

451 3503 819 3572 haruspicum
890 3505 1152 3574 magister
1223 3507 1387 3575 'l'agis
1452 3507 1508 3560 II
1574 3508 1629 3560 M
1685 3507 1946 3561 Hercules
1981 3506 2141 3558 homo
2181 3505 2287 3558 fuit
2323 3506 2350 3557 I
2389 3507 2474 3567 29,
2519 3504 2600 3558 18.
2643 3504 2750 3572 [56‚
2783 3504 2831 3556 3.

553 3590 674 3654 184,
716 3593 798 3645 14.

456 3681 828 3749 haruspicina
884 3681 1202 3736 daemonum
1266 3685 1551 3737 inuentum
1604 3687 1631 3738 I

554 3770 676 3830 167,
719 3769 763 3821 1.
805 3771 926 3834 696,
969 3772 1050 3825 13.

464 3858 851 3912 Hebraeorum
901 3860 1050 3929 origo
1100 3862 1128 3914 I
1176 3863 1295 3929 161,
1338 3864 1419 3918 17.
1466 3880 1632 3932 penes

554 3946 833 4000 Hebraeos
871 3948 1064 4017 religio
1104 3949 1190 4003 dei
1227 3952 1432 4005 resedit
1457 3953 1484 4005 1
1515 3954 1634 4016 161,

560 4037 643 4088 17.
700 4036 821 4100 714,
879 4037 960 4090 13.
1021 4038 1394 4094 adulescentes
1453 4058 1633 4094 eorum

557 4122 629 4175 ad
666 4125 1001 4192 quaerendas
1027 4143 1197 4179 nouas
1226 4129 1381 4182 sedes
1411 4130 1639 4198 dispersi

558 4212 743 4265 orbem
796 4217 979 4266 totum
1033 4217 1379 4286 repleuerunt
1433 4219 1460 4271 I
1517 4220 1636 4281 161,

561 4302 645 4353 19.
692 4318 866 4354 nouos
913 4303 1018 4356 sibi
1062 4321 1237 4358 mores
1286 4307 1641 4360 condiderunt

558 4391 587 4444 Ι
644 4392 761 4455 161,
818 4395 904 4460 23,
967 4395 1059 4463 qui
1114 4393 1422 4465 Aegyptum
1482 4414 1672 4457 occu-‚

1757 3597 1842 3659 59,
1899 3595 2002 3663 16.]
2056 3595 2140 3658 60,
2194 3597 2241 3648 5.
2301 3594 2565 3646 adulterio
2617 3592 2833 3661 genitus

1759 3685 2070 3738 Alcimenae
2121 3684 2148 3736 I
2199 3683 2284 3745 31,
2326 3683 2373 3736 8.
2428 3683 2548 3746 681,
2593 3682 2673 3735 13.
2725 3698 2834 3734 non

1762 3773 1949 3826 diuina
1995 3776 2122 3826 sunt
2168 3789 2303 3841 quae
2351 3773 2524 3841 gessit
2559 3772 2586 3824 I
2623 3773 2709 3834 31,
2753 3772 2835 3824 11.

1766 3865 1846 3916 16.
1901 3862 1985 3925 32,
2041 3864 2125 3917 11.
2180 3862 2360 3914 orbem
2412 3865 2588 3914 terrae
2636 3860 2838 3929 stupris

1761 3951 2187 4020 libidinibusque
2232 3951 2543 4019 inquinauit
2588 3949 2615 4002 I
2661 3949 2746 4011 31,
2787 3951 2836 4002 6.

1763 4042 1813 4096 9.
1869 4041 1950 4094 10.
1999 4041 2084 4093 23.
2132 4041 2255 4102 423,
2304 4042 2389 4095 23.
2438 4039 2559 4101 681,
2603 4040 2684 4092 13.
2725 4038 2839 4090 eius

1762 4131 1974 4184 labores
2015 4133 2069 4182 et
2105 4129 2252 4182 facta
2290 4131 2672 4181 enumerantur
2697 4126 2725 4178 Ι
2752 4126 2839 4189 31,

1771 4221 1852 4272 13.
1905 4219 1989 4281 32,
2047 4220 2092 4273 1.
2147 4220 2233 4281 33,
2287 4220 2336 4272 7.
2394 4218 2630 4271 animum
2687 4232 2842 4268 suum

1767 4324 1873 4359 non
1925 4306 2060 4358 uicit
2110 4306 2138 4358 I
2174 4307 2260 4370 31,
2300 4307 2384 4360 20.
2436 4304 2739 4374 Eurystheo
2788 4305 2845 4354 et

1770 4395 2067 4463 Omphalae
2109 4395 2369 4448 seruiuit
2441 4394 2752 4463 turpissime
2816 4390 2844 4442 I
