3132 5043
853 383 1225 438 Addenda
1284 387 1357 437 et
1413 383 1921 453 Corrigenda.
2267 388 2540 452 XXXIII

256 597 302 647 p.
342 579 459 639 710,
506 580 590 631 29.
640 595 757 639 cum
794 593 904 646 pro
953 577 1038 630 cui
1083 578 1146 629 in
1194 576 1432 630 editione
1476 577 1775 630 Fritzschii
1818 593 1963 630 mero
2013 593 2192 632 errore
2231 578 2540 646 typothetae

389 673 569 720 ortum
606 683 741 721 corr.
789 666 1003 720 Gemoll
1038 683 1089 733 p.
1130 668 1218 719 19.

254 774 302 825 p,
350 757 468 818 711,
523 758 608 811 25.
659 757 713 807 in
766 755 1127 824 philosophiis
1169 770 1277 822 pro
1329 755 1386 807 in
1436 755 1786 824 philosophia
1821 753 2184 825 Kronenberg
2217 772 2279 823 p.
2319 758 2438 821 101,
2481 760 2540 808 at

389 844 728 897 Lactantius
763 860 1036 911 nusquam
1064 844 1289 911 plurali
1325 843 1703 912 philosophiae
1740 845 1935 898 utitur.

254 968 300 1019 p.
340 951 458 1012 755,
500 952 550 1004 5.
589 950 858 1003 communi
898 966 1009 1019 pro
1058 950 1353 1002 communis
1397 949 1612 1002 Gemoll
1648 968 1708 1017 p.
1757 954 1843 1016 19,
1879 952 2009 1018 fort.
2056 957 2220 1015 recte‚·
2266 950 2334 1016 cf.
2376 951 2541 1004 etiam

387 1039 568 1092 Indic.
606 1038 818 1093 uerbo-r.

336 1183 446 1247 Ad
491 1183 757 1266 partis
805 1183 869 1246 11
916 1184 1412 1248 fasciculum
1469 1186 1524 1248 1.

254 1339 300 1391 p.
337 1321 507 1377 XXII.
549 1322 902 1390 Knappitsch
938 1325 1169 1390 Anton„
1199 1324 1304 1377 ‘De
1331 1323 1397 1376 L.
1435 1324 1593 1377 Caeli
1619 1324 1679 1379 F
1677 1324 1909 1376 irmiani
1934 1323 2207 1377 Lactanti
2245 1340 2341 1377 ave
2366 1324 2539 1378 Phoe-

388 1411 541 1464 nice.'
578 1411 987 1465 Jahresbericht
1050 1414 1143 1466 des
1202 1413 1605 1481 furstbischo‘fl.
1669 1412 2060 1482 Gymnasiums
2124 1430 2215 1466 am
2270 1412 2542 1466 Seckauer

389 1499 1182 1554 Dio'ceean-Knabenseminar
1216 1502 1280 1553 in
1314 1501 1480 1554 Grae.
1522 1505 1689 1554 1896.
1725 1503 1809 1569 Cf.
1842 1502 1907 1555 de
1935 1501 2033 1555 hoc
2063 1501 2260 1566 libello,
2292 1502 2388 1570 qui
2415 1517 2538 1554 con·

392 1589 525 1641 tinet
572 1605 791 1641 carmen
835 1589 1163 1643 Phoenicem
1209 1591 1597 1644 commentario
1645 1591 1831 1644 critico
1879 1596 1929 1643 et
1960 1591 2233 1659 .eaeeyetico
2280 1595 2330 1642 et
2374 1590 2541 1642 inter-

381 1678 698 1745 pretatione
729 1677 1064 1733 Germanica
1091 1679 1418 1733 instructum
1457 1685 1507 1733 et
1526 1680 1935 1748 proleyomena,
1965 1695 2247 1732 censuram
2275 1684 2542 1745 nostram,

401 1764 833 1832 Wochenschrift
866 1767 965 1833 fiir
1002 1768 1160 1823 class,
1198 1768 1403 1821 Philol.
1444 1770 1598 1821 1896
1624 1785 1685 1836 p.
1726 1771 1881 1820 1312.

251 1890 299 1941 p.
336 1873 483 1925 XXX
523 1890 591 1925 se.
632 1873 827 1926 Etiam
874 1875 993 1926 alia
1041 1875 1308 1928 carminis
1349 1875 1424 1927 De
1472 1874 1721 1943 passione
1759 1874 1980 1927 Domini
2027 1873 2194 1928 editio
2233 1889 2540 1927 commemo-

389 1969 552 2013 ratur
588 1962 690 2016 hoc
726 1963 787 2015 in
827 1964 994 2017 libro:
1030 1963 1099 2015 P.
1138 1963 1370 2016 Mar-aie
1407 1968 1457 2016 et
1493 1963 1561 2016 A.
1603 1963 1884 2029 Dufresne
1921 1964 1986 2016 de
2024 1962 2392 2027 Saint-Le'on‚
2437 1961 2542 2015 Ca-

391 2051 611 2129 taloyue
663 2051 756 2104 des
800 2051 1126 2105 incunables
1175 2053 1240 2105 de
1287 2053 1345 2105 la
1382 2052 1766 2119 Bibliotheque
1801 2052 2119 2105 BIazarine.
2165 2051 2336 2104 Paris
2371 2053 2540 2117 1893,

382 2158 441 2207 p.
496 2145 604 2192 651
650 2158 703 2193 n.
752 2144 913 2205 1180,
963 2142 1118 2194 euius
1164 2142 1252 2194 hic
1289 2148 1365 2195 est
1403 2142 1626 2196 titulus:
1673 2142 1925 2196 Carmina
1968 2143 2060 2211 pia
2096 2158 2116 2198 2
2154 2140 2540 2211 religiosa.{L.

392 2227 525 2282 Celii
575 2230 850 2283 Lactantii
894 2230 1152 2283 Firmiani
1201 2231 1378 2284 Nenia
1426 2233 1605 2284 uerbis
1655 2232 1994 2299 saluaTtoris
2042 2232 2214 2284 nostri
2256 2230 2536 2300 crucifixi}

392 2317 645 2371 Eiusdem
686 2320 986 2386 elegiacum
1034 2319 1099 2373 de
1145 2322 1537 2374 resurrectione
1587 2321 2178 2390 dominicasslmpressa
2223 2336 2349 2372 cura
2384 2335 2404 2375 2
2440 2320 2540 2372 im-

392 2407 590 2475 pendio
620 2407 806 2460 Iodoci
836 2407 994 2461 Badii
1019 2408 1265 2462 Ascensii
1292 2412 1295 2475 Ξ
1321 2411 1375 2462 in
1418 2408 1609 2463 edibus
1641 2408 1879 2462 eiusdem
1910 2410 1965 2462 in
1993 2411 2174 2462 monte
2206 2408 2318 2461 diui
2346 2408 2544 2460 Hilarii

396 2512 422 2549 e
459 2496 683 2565 regione
725 2497 806 2551 col
833 2496 838 2568 Ι
864 2497 996 2567 legii
1034 2499 1221 2553 italici.
1260 2499 1562 2553 ParthisiiS.
1603 2516 1644 2552 8.
1689 2517 1738 2552 a.
1767 2497 1771 2567 Ι
1796 2500 1872 2552 In
1906 2498 2046 2566 folio
2074 2513 2230 2552 uerso
2258 2498 2391 2551 haec
2416 2502 2547 2551 swnt

392 2585 451 2638 L.
494 2586 631 2640 Celii
679 2587 918 2641 Lactatii
967 2588 1225 2641 Firmiani
1273 2589 1361 2657 J-ia
1406 2590 1568 2641 nenia.
1620 2580 1736 2645 irbis
1786 2586 2419 2658 crucifixi.l(Q)Visquis
2466 2603 2543 2640 se-

392 2676 581 2742 quitur
618 2692 851 2729 carmen.
898 2676 1130 2730 Constat
1166 2678 1470 2745 fasciculus
1508 2695 1574 2731 ex
1601 2682 1674 2730 10
1705 2678 1862 2744 foliis
1899 2678 2194 2744 quadratis
2228 2677 2545 2729 uicenorum

389 2769 785 2831 quaternorum
829 2780 1102 2829 uersuum,
1142 2768 1419 2835 scriptura
1467 2774 1545 2820 est
1587 2767 1786 2836 yotica.
1831 2766 2041 2836 Quibus
2083 2766 2209 2834 fere
2247 2765 2414 2818 annis
2459 2765 2547 2817 hic

395 2852 612 2906 libellus
660 2854 884 2906 emissus
931 2871 1039 2907 esse
1084 2855 1361 2918 uideatur,
1401 2855 1719 2924 Leopoldus
1755 2856 1979 2916 Delisle,
2017 2855 2267 2909 Journal
2304 2854 2397 2907 des
2439 2853 2544 2906 Sa-

391 2947 556 2994 vants
603 2945 759 2995 1894
798 2959 860 3010 p.
915 2946 1052 3010 268,
1104 2945 1189 2997 his
1236 2945 1421 2998 uerbis
1465 2945 1707 2998 indicat:
1747 2945 1803 3013 je
1853 2944 2018 2997 doute
2065 2943 2175 2996 fort
2222 2946 2309 3012 qu'
2347 2943 2388 2995 il
2439 2943 2547 2995 soit

392 3030 665 3083 ante‘rieur
713 3033 744 3084 ὲ.
792 3032 945 3085 1501.
1002 3032 1257 3101 Apparet
1308 3034 1456 3087 hanc
1510 3033 1762 3087 Asceneii
1815 3033 2104 3087 editionem
2147 3033 2394 3100 priorem
2439 3048 2548 3085 esse

392 3119 612 3172 duabus
641 3136 780 3188 quas
807 3123 1221 3175 nominauimus
1246 3122 1621 3188 Ascensianis,
1647 3123 1767 3175 sine
1796 3121 1962 3175 dubio
1981 3123 2172 3190 prima
2201 3121 2423 3173 omnino
2452 3125 2542 3175 est.

254 3241 301 3293 p.
339 3225 623 3279 XXXVIII
670 3244 710 3279 e.
764 3228 852 3281 De
895 3229 1114 3281 nomine
1162 3228 1511 3298 Symphosius
1559 3230 1660 3283 hoc
1707 3228 2024 3281 addendum
2071 3233 2162 3282 est.
2201 3226 2548 3295 Asclepiadii

392 3314 474 3366 De
513 3315 758 3368 Fortuna
795 3334 1029 3381 carmen,
1067 3317 1295 3374 Anthol.
1334 3319 1465 3371 Lat.
1506 3319 1587 3371 ed.
1626 3318 1788 3371 Riese
1823 3334 1877 3369 n.
1912 3320 2044 3384 629,
2069 3316 2221 3370 Poet.
2251 3317 2381 3371 Lat.
2412 3316 2541 3368 min.

393 3404 473 3459 ed.
526 3404 813 3458 Baehrens
863 3404 960 3458 IV
1000 3423 1055 3477 p.
1108 3409 1238 3473 148,
1289 3408 1352 3459 in
1402 3406 1586 3460 codiee
1641 3406 1917 3459 Vaticano
1968 3407 2129 3459 4493
2173 3419 2312 3457 saec.
2363 3406 2425 3457 X
2457 3404 2543 3456 in-

390 3493 655 3561 scriptum
694 3510 802 3548 esse
830 3494 967 3549 Celii
1005 3496 1326 3548 Firminiani
1366 3496 1678 3565 Simphosii.
1717 3496 1800 3548 De
1839 3495 2093 3549 Fortuna.
2133 3494 2268 3547 Luc.
2307 3493 2547 3547 Mueller

395 3588 643 3647 testatur,
690 3584 947 3637 Berle'ner
997 3586 1198 3652 philol.
1260 3585 1696 3652 Wochenschrzft
1745 3586 1900 3636 1895
1940 3601 2001 3652 p.
2061 3586 2196 3649 510;
2244 3598 2349 3651 quo
2400 3581 2548 3650 quod

393 3669 695 3724 Accursius
731 3673 983 3736 tradidit,
1025 3675 1386 3739 confirmatur
1423 3676 1519 3741 (cf.
1558 3675 1740 3729 Riesii
1776 3679 1826 3726 et
1861 3672 2191 3726 Baehrensii
2229 3671 2414 3723 adnot.
2413 3674 2463 3737 ).

253 3776 306 3827 p.
344 3759 393 3821 8,
432 3761 482 3815 6.
520 3761 575 3813 in
618 3777 710 3813 eas
746 3765 874 3815 sunt
918 3762 1163 3832 relegata
1209 3764 1459 3831 regiones
1495 3764 1831 3831 Petscheniy,
1876 3760 2258 3815 Wochenschr.
2294 3759 2345 3825 f.
2385 3759 2542 3812 cluse.

392 3850 597 3903 Philol.
637 3854 790 3904 1893
818 3869 877 3918 p.
920 3854 1055 3906 825.

254 3953 303 4005 p.
343 3939 375 3990 9
414 3939 675 3992 Auctores
716 3941 748 3993 2
787 3942 853 4009 8.]
896 3942 929 3994 l.
969 3941 1104 3994 Inst.
1143 3942 1197 3994 11
1238 3943 1321 4004 10,
1363 3942 1445 3995 14.

255 4042 303 4093 p.
343 4028 406 4079 51
446 4027 713 4081 Auctores
755 4030 818 4082 17
858 4031 923 4097 s]
967 4031 1000 4083 l.
1043 4033 1097 4094 (a
1133 4030 1475 4101 Xenocrate).
1515 4033 1601 4092 54,
1643 4033 1673 4085 6
1714 4048 1782 4084 ss,

255 4131 306 4183 p.
344 4117 410 4169 55
448 4116 790 4185 Expilatores
832 4119 896 4171 13
936 4121 1000 4188 e.]
1032 4136 1143 4188 pro
1181 4121 1266 4182 62,
1306 4121 1373 4174 23
1414 4137 1456 4174 e.
1496 4122 1564 4174 33
1605 4137 1644 4173 s,
1687 4120 1719 4175 l.
1761 4120 1845 4182 56,
1887 4121 1918 4173 6
1958 4135 1998 4174 s,
2041 4118 2106 4172 16
2147 4135 2188 4173 S.

256 4222 305 4273 p.
348 4205 429 4268 73,
472 4207 552 4259 13.
591 4223 701 4259 non
728 4209 1026 4276 -sequentia
1051 4224 1161 4277 pro
1201 4210 1589 4278 consequentia
1626 4208 1944 4277 Petschenig]
1970 4224 2032 4276 p.
2075 4208 2210 4260 825.

257 4310 308 4362 p.
348 4293 430 4356 76,
470 4294 553 4347 21.
595 4294 910 4357 detrahunt;
961 4313 1067 4349 non
1115 4298 1294 4350 minus
1340 4297 1554 4350 illorum
1596 4313 1784 4351 censor
1818 4294 1865 4359 λ,
1914 4296 2167 4365 Theoloy.
2206 4293 2542 4347 Litteratur·

316 4419 496 4458 xxvn.
530 4421 656 4460 ωσι.
687 4424 729 4468 2,
761 4421 869 4459 fase.
899 4423 939 4460 2.
2447 4415 2473 4451 ⁰
