3132 5043
1078 438 1463 503 nominum

2799 272 2945 349 *N

1524 442 1596 491 et
1655 456 1920 493 rerum.
2545 449 2673 510 325

309 629 453 683 Mars
490 630 651 684 homo
691 630 796 684 fuit
834 632 861 684 Ι
900 632 984 691 60,
1015 634 1063 685 7.
1101 631 1376 685 homicida
1407 636 1466 685 ut
1520 633 1924 687 matrimonium
1978 635 2004 687 I
2055 636 2176 699 281,
2234 636 2315 690 18.
2370 639 2490 701 565,
2531 640 2562 692 2
2604 656 2673 692 ss.

379 717 512 771 deus
554 725 895 773 consecratus
932 721 959 773 I
997 722 1119 783 407,
1165 722 1244 773 19.
1278 737 1464 773 cruen-

378 810 469 860 tus
493 808 624 861 deus
647 810 844 862 colitur
863 811 889 863 I
915 811 1039 872 432,
1065 811 1146 864 16.
1176 810 1464 876 homicida,

377 896 561 951 caedis
629 899 849 952 crimine
915 900 981 952 ab
1037 899 1470 953 Atheniensibus

377 986 644 1040 liberatus
693 989 720 1041 Ι
772 989 859 1051 34,
909 990 957 1042 6.
1006 989 1151 1042 Mars
1193 993 1247 1041 et
1284 989 1465 1041 Venus

375 1075 402 1127 Ι
464 1077 551 1137 34,
610 1077 660 1130 8.
718 1078 804 1139 65,
863 1079 941 1132 16.
1000 1078 1122 1139 682,
1184 1080 1233 1131 5.
1272 1078 1464 1131 Martis

377 1180 531 1217 arma
567 1164 594 1216 Ι
633 1166 753 1228 678,
789 1167 835 1219 1.
880 1166 1046 1234 [Mars
1084 1171 1240 1236 pater
1275 1166 1302 1219 1
1341 1167 1462 1229 280,

374 1254 450 1320 6.]
495 1269 557 1305 ex
593 1253 768 1306 Marte
808 1271 866 1307 se
914 1257 1255 1323 procreatum
1293 1255 1462 1307 Maxi·

374 1342 589 1394 mianus
658 1341 954 1413 (Galerius)
1016 1343 1234 1397 dicebat
1297 1343 1353 1397 II
1408 1345 1464 1397 M

382 1429 503 1491 183,
544 1431 631 1483 21.

304 1518 357 1569 in
413 1535 604 1588 campo
657 1519 854 1572 Martio
906 1521 1142 1589 proxime
1193 1520 1463 1575 celebrato

376 1608 440 1671 (i.
470 1624 514 1662 e.
551 1608 760 1676 insiyni
797 1610 1051 1663 contione
1085 1610 1327 1664 militum
1363 1611 1461 1664 ha-

376 1695 518 1760 bita)
560 1695 617 1747 II
655 1696 711 1748 M
750 1698 872 1760 210,
911 1700 961 1752 4.

304 1801 421 1837 mas
482 1784 550 1837 ad
611 1786 1023 1840 similitudinem
1082 1787 1169 1840 dei
1224 1789 1379 1842 fictus
1436 1790 1460 1842 I

378 1874 499 1936 155,
542 1875 589 1928 7.
631 1891 803 1927 mares
845 1875 1114 1944 quomodo
1165 1878 1464 1946 gignantur

375 1964 428 2015 Π
456 1964 544 2025 45,
580 1964 660 2019 14.
695 1965 932 2017 maribus
972 1982 1063 2018 cur
1102 1967 1222 2036 plus
1253 1967 1461 2020 roboris

376 2069 539 2120 quam
604 2051 819 2105 feminis
886 2055 1210 2108 attributum
1278 2058 1351 2110 sit
1407 2057 1462 2109 II

374 2142 462 2204 46,
498 2142 580 2194 11.
620 2143 856 2196 maribus
895 2161 986 2197 cur
1023 2145 1259 2214 papillae
1301 2147 1460 2199 datae

373 2230 430 2282 II
453 2231 539 2294 38,
563 2233 644 2284 11.
667 2232 1021 2286 masculinum
1047 2234 1246 2300 (uirile)
1279 2252 1461 2289 semen

373 2319 431 2371 ΙΙ
488 2320 579 2384 43,
640 2322 721 2373 12.
771 2323 857 2382 44,
907 2323 957 2376 9.
1002 2324 1081 2378 18.
1105 2326 1207 2387 ’45,
1253 2326 1332 2377 15.
1372 2327 1457 2387 46,

371 2408 423 2460 3.
465 2409 765 2463 masculina
801 2428 926 2479 pars
965 2414 1201 2482 corporis
1242 2413 1459 2466 dextera

372 2497 431 2550 II
480 2498 567 2562 43,
622 2498 846 2554 12—14.
885 2502 973 2565 44,
1012 2503 1062 2555 4.
1103 2503 1458 2557 masculinum

372 2588 534 2656 quasi
584 2588 909 2642 elementum
954 2591 1098 2659 ignis
1147 2593 1173 2644 I
1217 2593 1331 2655 145,
1377 2593 1457 2648 16.

298 2676 551 2729 Massilia
588 2677 645 2729 II
680 2678 738 2731 M
776 2680 897 2743 206,
938 2680 1021 2735 22.

297 2765 478 2818 Mater
504 2766 707 2820 Deum:
739 2767 941 2837 (Mater
964 2770 1105 2838 ipsa)
1136 2770 1189 2822 in
1220 2770 1457 2839 Phrygia

371 2856 584 2908 amauit
620 2855 915 2909 formosum
957 2857 1361 2912 adulescentem
1404 2865 1459 2914 et

369 2944 685 2997 semiuirum
742 2946 982 2999 reddidit
1036 2947 1063 2999 Ι
1120 2949 1203 3012 65,
1243 2950 1293 3001 3.
1335 2951 1454 3013 682,

372 3035 459 3086 15.
504 3033 703 3101 [Deum
742 3034 904 3087 Matri
942 3037 1145 3105 primus
1174 3037 1457 3090 Melisseus

368 3122 702 3175 sacrificauit
762 3123 791 3176 1
856 3124 977 3187 690,
1057 3127 1161 3194 16.]
1243 3127 1456 3194 {Matris

366 3212 605 3280 Magnae
662 3213 834 3281 prima
886 3214 1132 3268 sacerdos
1172 3216 1393 3270 Melissa
1429 3218 1456 3269 I

371 3303 458 3364 91,
488 3302 569 3354 14.
593 3302 736 3355 unde
766 3304 1043 3356 antistites
1067 3305 1180 3358 eius
1203 3305 1454 3359 Melissae

367 3395 715 3461 nuncupatae
754 3392 781 3444 Ι
819 3394 903 3456 91,
949 3395 1053 3461 15.]
1096 3411 1246 3447 sacra
1266 3394 1455 3447 Matris

369 3480 396 3532 I
444 3480 535 3541 81,
589 3481 671 3533 13.
720 3481 911 3534 Matris
960 3482 1134 3535 Deum
1177 3483 1203 3535 I
1241 3484 1363 3546 690,
1403 3487 1450 3537 2.

368 3569 563 3621 Matris
602 3569 835 3637 Magnae
866 3571 891 3622 I
921 3571 1039 3633 689,
1072 3575 1120 3626 5.
1162 3589 1312 3625 sacra
1343 3574 1454 3625 eius

371 3676 401 3709 a
442 3657 618 3711 Gallis
657 3658 929 3712 celebrata
959 3661 984 3712 I
1015 3663 1098 3722 65,
1130 3663 1177 3714 5.
1219 3663 1338 3720 682,
1372 3663 1451 3714 19.

366 3746 571 3798 festum
607 3747 800 3800 Matris
837 3748 1069 3816 Magnae
1107 3750 1133 3801 I
1172 3749 1257 3813 83,
1299 3751 1345 3803 6.

294 3836 581 3888 materiam
636 3853 667 3888 a
720 3835 819 3889 deo
873 3838 1070 3891 factam
1127 3855 1242 3891 esse
1294 3838 1319 3890 1
1371 3840 1452 3903 14,

369 3924 599 3988 20—15,
643 3925 689 3978 2.
735 3927 851 3990 132,
893 3928 925 3980 3
964 3944 1032 3981 ss.

296 4013 679 4066 mathematici
719 4013 784 4066 de
815 4016 982 4079 ⁴lunae
1022 4016 1398 4085 magnitudine
1427 4016 1454 4068 I

368 4103 488 4164 254,
530 4103 580 4155 4.

292 4190 505 4243 Mathia
572 4194 629 4244 et
694 4192 865 4245 Paulo
928 4194 983 4246 in
1043 4195 1221 4248 locum
1286 4194 1450 4247 Iudae

366 4278 663 4346 proditoris
741 4280 1036 4350 adsumptis
1102 4283 1153 4335 ΙΙ
1218 4283 1273 4335 M
1334 4285 1450 4344 174,

372 4368 452 4421 10.

1594 722 1715 785 566,
1756 723 1806 775 8.
1865 723 1987 786 568,
2027 727 2058 777 5
2100 741 2169 779 sa.
2210 725 2328 788 748,
2369 728 2401 779 5
2440 743 2509 779 ss,
2561 745 2674 780 ma-

1593 811 1848 864 trimonia
1887 814 2190 866 communia
2221 813 2365 882 apud
2392 815 2673 869 Platonem

1593 899 1620 951 I
1668 901 1787 961 248,
1840 901 2102 965 18-251,
2151 902 2238 957 21.
2284 902 2504 956 Valeria
2551 909 2677 974 post

1595 988 1804 1041 obitum
1843 989 2157 1043 Maximiani
2198 990 2445 1059 (Galerii)
2492 994 2673 1046 mariti

1593 1077 1885 1130 Maximino
1908 1078 1962 1130 in
1985 1079 2386 1132 matrimonium
2408 1097 2464 1133 se
2485 1085 2672 1150 postu·

1591 1165 1730 1218 lanti
1794 1167 2076 1236 respondit
2136 1166 2287 1221 nefas
2353 1185 2469 1222 esse
2526 1171 2672 1223 illius

1590 1255 1825 1307 nominis
1855 1271 1916 1309 ac
1943 1256 2051 1308 loci
2078 1255 2333 1309 feminam
2365 1258 2479 1311 sine
2507 1276 2674 1317 more.

1593 1344 1709 1396 sine
1750 1344 1991 1412 exemplo
2033 1346 2286 1398 maritum
2325 1347 2551 1401 alterum
2583 1365 2668 1401 ex·

1594 1432 1756 1500 periri
1796 1433 1846 1484 Ιῐ
1884 1433 1942 1485 Μ
1981 1434 2102 1495 219,
2144 1433 2192 1487 6.
2238 1435 2321 1489 15.

1518 1522 1693 1572 mater
1729 1519 1941 1572 Matuta
1979 1519 2006 1571 Ι
2044 1520 2128 1583 82,
2175 1523 2259 1578 19.

1518 1608 1694 1661 Mauri
1723 1625 1849 1661 suos
1880 1625 2035 1678 reges
2058 1616 2503 1665 consecrauerunt
2531 1612 2557 1664 I
2586 1615 2669 1674 56,

1595 1698 1675 1751 10.
1732 1698 1812 1753 16.
1855 1728 1918 1737 ——
1960 1697 2018 1750 II
2054 1699 2108 1751 M
2148 1700 2268 1763 223,
2322 1702 2402 1754 11.
2446 1701 2668 1769 {Mauris

1590 1787 1783 1839 iaculis
1822 1788 1849 1840 I
1886 1789 2008 1852 455,
2049 1789 2122 1857 2.]

1518 1875 1897 1929 Maxentianus
1956 1878 2150 1945 (miles)
2210 1878 2264 1931 II
2319 1879 2376 1931 M
2424 1880 2545 1943 224,
2588 1881 2668 1933 12.

1587 1964 1920 2018 Maxentiani
1967 1966 2186 2029 milites,
2236 1967 2366 2023 ibid.
2415 1970 2537 2032 223,
2588 1970 2670 2022 12.

1518 2053 1821 2107 Maxentius
1847 2054 2165 2108 Maximiani
2193 2057 2475 2123 (Herculii)
2509 2057 2669 2119 filius,

1588 2142 1900 2195 Maximiani
1941 2142 2191 2210 (Galerii)
2241 2162 2407 2213 gener
2451 2145 2506 2198 II
2548 2147 2667 2203 193.

1594 2233 1674 2283 15.
1715 2232 1837 2295 202,
1875 2233 1953 2284 17.
1987 2249 2095 2285 non
2133 2234 2443 2286 nominatur
2472 2234 2670 2288 Caesar

1590 2336 1621 2371 a
1669 2320 2027 2385 Diocletiano,
2077 2322 2207 2375 ibid.
2262 2323 2376 2387 193,
2436 2326 2663 2378 24-26.

1593 2412 1708 2473 194,
1754 2412 1816 2463 19
1857 2429 1922 2463 ss.
1984 2412 2252 2479 quomodo
2309 2414 2511 2467 Romae
2567 2416 2666 2468 im-

1588 2502 1804 2568 perator
1842 2497 2017 2553 factus
2058 2501 2144 2563 sit,
2183 2501 2315 2554 ibid.
2366 2503 2485 2566 201,
2526 2504 2662 2558 26-

1587 2590 1708 2651 202,
1758 2591 1804 2641 7.
1853 2590 2137 2658 imperium
2187 2592 2330 2659 cepit
2369 2609 2416 2644 a.
2457 2591 2505 2644 d.
2548 2609 2664 2646 sex-

1586 2681 1702 2731 tum
1767 2677 2040 2731 Kalendas
2105 2677 2459 2743 Nouembre8‚
2527 2681 2662 2734 ibid.

1588 2767 1709 2829 223,
1755 2767 1834 2822 15.
1877 2768 2137 2819 exercitus
2166 2768 2478 2822 Maifimiani
2505 2770 2664 2840 (Her-

1589 2856 1738 2922 culii)
1770 2856 2149 2908 aMaximiano
2181 2856 2441 2928 (Galerio)
2467 2859 2663 2912 Seuero

1586 2944 1721 2997 duce
1773 2949 1958 2998 contra
2012 2963 2130 2998 eum
2190 2948 2414 2999 Romam
2469 2948 2664 3000 missus

1585 3034 1653 3086 ad
1709 3051 1824 3086 eum
1879 3036 2096 3098 transit,
2138 3036 2266 3088 ibid.
2308 3036 2429 3098 202,
2472 3039 2660 3090 7-25,

1583 3123 1967 3177 Maximianum
2035 3126 2396 3192 (Herculium)
2456 3131 2663 3195 patrem

1583 3213 1667 3265 bis
1698 3213 2002 3282 Augustum
2031 3215 2349 3276 nominauit,
2379 3215 2509 3268 ibid.
2542 3217 2662 3276 202,

1585 3303 1668 3355 20.
1709 3303 1970 3355 Maxentii
2009 3319 2125 3354 cum
2157 3304 2444 3356 Maximino
2478 3308 2662 3357 contra

1582 3390 1845 3443 Licinium
1887 3391 2406 3458 Constantinumque
2454 3393 2660 3454 foeduS,

1582 3479 1712 3532 ibid.
1756 3482 1876 3543 222,
1922 3481 2182 3541 10-223,
2222 3482 2270 3533 5.
2304 3480 2659 3533 Constantino

1585 3569 1786 3621 bellum
1830 3569 2026 3621 indixit
2065 3570 2218 3636 quasi
2268 3586 2452 3622 necem
2493 3571 2662 3638 patris

1583 3658 1666 3709 sui
1719 3658 2050 3721 (Maximiani
2103 3658 2365 3723 Herculii)
2419 3658 2659 3712 uindica-

1580 3751 1759 3808 turus;
1789 3763 1923 3813 quae
1953 3747 2080 3798 inde
2109 3746 2249 3798 falsa
2278 3747 2509 3815 suspicio
2543 3750 2660 3801 orta

1582 3838 1669 3899 sit,
1710 3836 1840 3889 ibid.
1894 3838 2012 3900 222,
2070 3837 2329 3899 19-223,
2369 3839 2417 3889 5.
2456 3837 2660 3889 bellum

1584 3928 1695 3979 eius
1738 3945 1854 3980 cum
1894 3927 2250 3981 Constantino
2291 3927 2520 3980 sactum:
2572 3944 2658 3980 ex-

1581 4021 1784 4069 tremae
1825 4018 1937 4069 eius
1977 4033 2058 4068 res
2099 4019 2154 4068 et
2190 4033 2332 4068 mors
2373 4017 2428 4068 in
2475 4033 2658 4085 pugna

1582 4105 1723 4174 apud
1770 4108 1991 4174 pontem
2037 4105 2299 4157 Muluium
2358 4107 2657 4166 commissa,

1581 4194 1711 4247 ibid.
1776 4195 1895 4256 223,
1950 4196 2178 4252 5-224,
2240 4195 2321 4246 18.
2398 4195 2656 4248 circenses

1579 4284 1751 4335 natali
1794 4301 1887 4335 suo
1932 4284 2072 4345 (223,
2131 4284 2215 4348 15)
2274 4283 2487 4347 edebat,
2527 4283 2656 4336 ibid.

1580 4373 1700 4434 224,
1759 4375 1805 4427 5.
1885 4372 2304 4440 quinquennalia
2372 4374 2484 4426 eius
2553 4377 2655 4424 ter-
