<?xml version="1.0" encoding="UTF-8"?>
<!DOCTYPE html PUBLIC "-//W3C//DTD XHTML 1.0 Transitional//EN"
    "http://www.w3.org/TR/xhtml1/DTD/xhtml1-transitional.dtd">
<html xmlns="http://www.w3.org/1999/xhtml" xml:lang="en" lang="en">
 <head>
  <title>
</title>
<meta http-equiv="Content-Type" content="text/html;charset=utf-8" />
  <meta name='ocr-system' content='tesseract 3.04.00' />
  <meta name='ocr-capabilities' content='ocr_page ocr_carea ocr_par ocr_line ocrx_word'/>
</head>
<body>
  <div class='ocr_page' id='page_1' title='image "./corpusscriptoru30wissgoog_0071.png"; bbox 0 0 3132 5043; ppageno 0'>
   <div class='ocr_carea' id='block_1_1' title="bbox 1115 445 2541 511">
    <p class='ocr_par' dir='ltr' id='par_1_1' title="bbox 1115 445 2541 511">
     <span class='ocr_line' id='line_1_1' title="bbox 1115 445 2541 511; baseline 0.01 -14"><span class='ocrx_word' id='word_1_1' title='bbox 1115 445 1328 498; x_wconf 88' lang='lat' dir='ltr'>liber</span> <span class='ocrx_word' id='word_1_2' title='bbox 1375 463 1416 498; x_wconf 88' lang='lat' dir='ltr'>c.</span> <span class='ocrx_word' id='word_1_3' title='bbox 1457 446 1543 498; x_wconf 88' lang='grc'>22.</span> <span class='ocrx_word' id='word_1_4' title='bbox 1587 446 1671 499; x_wconf 85' lang='grc'>23.</span> <span class='ocrx_word' id='word_1_5' title='bbox 2411 448 2541 511; x_wconf 85' lang='grc'><strong>199</strong></span> 
     </span>
    </p>
   </div>
   <div class='ocr_carea' id='block_1_2' title="bbox 202 641 2657 3270">
    <p class='ocr_par' dir='ltr' id='par_1_2' title="bbox 202 641 2657 3270">
     <span class='ocr_line' id='line_1_2' title="bbox 242 641 2538 725; baseline -0.001 -19"><span class='ocrx_word' id='word_1_6' title='bbox 242 645 532 725; x_wconf 86' lang='lat' dir='ltr'>parentes</span> <span class='ocrx_word' id='word_1_7' title='bbox 582 641 1149 724; x_wconf 78' lang='lat' dir='ltr'>suspendebantur,</span> <span class='ocrx_word' id='word_1_8' title='bbox 1199 641 1554 704; x_wconf 84' lang='lat' dir='ltr'>fidelissimi</span> <span class='ocrx_word' id='word_1_9' title='bbox 1604 642 1836 723; x_wconf 90' lang='lat' dir='ltr'>quique</span> <span class='ocrx_word' id='word_1_10' title='bbox 1887 641 2054 705; x_wconf 86' lang='lat' dir='ltr'>serui</span> <span class='ocrx_word' id='word_1_11' title='bbox 2095 646 2309 705; x_wconf 89' lang='lat' dir='ltr'>contra</span> <span class='ocrx_word' id='word_1_12' title='bbox 2348 641 2538 706; x_wconf 89' lang='lat' dir='ltr'>domi-</span> 
     </span>
     <span class='ocr_line' id='line_1_3' title="bbox 244 748 2636 825; baseline -0.001 -13"><span class='ocrx_word' id='word_1_13' title='bbox 244 769 352 813; x_wconf 84' lang='lat' dir='ltr'>nos</span> <span class='ocrx_word' id='word_1_14' title='bbox 392 750 806 825; x_wconf 84' lang='lat' dir='ltr'>uexabantur,</span> <span class='ocrx_word' id='word_1_15' title='bbox 837 768 1063 813; x_wconf 84' lang='lat' dir='ltr'>uxores</span> <span class='ocrx_word' id='word_1_16' title='bbox 1104 749 1410 812; x_wconf 83' lang='lat' dir='ltr'>aduersus</span> <span class='ocrx_word' id='word_1_17' title='bbox 1450 748 1733 812; x_wconf 90' lang='lat' dir='ltr'>maritos.</span> <span class='ocrx_word' id='word_1_18' title='bbox 1830 748 1886 811; x_wconf 91' lang='lat' dir='ltr'>si</span> <span class='ocrx_word' id='word_1_19' title='bbox 1925 748 2133 813; x_wconf 91' lang='lat' dir='ltr'>omnia</span> <span class='ocrx_word' id='word_1_20' title='bbox 2162 749 2539 824; x_wconf 78' lang='lat' dir='ltr'>defecerant,</span> <span class='ocrx_word' id='word_1_21' title='bbox 2596 748 2636 801; x_wconf 78' lang='grc'><strong>3</strong></span> 
     </span>
     <span class='ocr_line' id='line_1_4' title="bbox 242 855 2546 938; baseline 0 -20"><span class='ocrx_word' id='word_1_22' title='bbox 242 857 360 937; x_wconf 88' lang='lat' dir='ltr'>ipsi</span> <span class='ocrx_word' id='word_1_23' title='bbox 419 859 641 920; x_wconf 88' lang='lat' dir='ltr'>contra</span> <span class='ocrx_word' id='word_1_24' title='bbox 698 876 764 920; x_wconf 92' lang='lat' dir='ltr'>se</span> <span class='ocrx_word' id='word_1_25' title='bbox 820 856 1282 938; x_wconf 78' lang='lat' dir='ltr'>torquebantur</span> <span class='ocrx_word' id='word_1_26' title='bbox 1339 857 1403 919; x_wconf 92' lang='lat' dir='ltr'>et</span> <span class='ocrx_word' id='word_1_27' title='bbox 1460 875 1606 920; x_wconf 92' lang='lat' dir='ltr'>cum</span> <span class='ocrx_word' id='word_1_28' title='bbox 1673 856 1850 919; x_wconf 90' lang='lat' dir='ltr'>dolor</span> <span class='ocrx_word' id='word_1_29' title='bbox 1914 855 2172 920; x_wconf 83' lang='lat' dir='ltr'>uicerat.</span> <span class='ocrx_word' id='word_1_30' title='bbox 2234 856 2546 919; x_wconf 89' lang='lat' dir='ltr'>adscribe-</span> 
     </span>
     <span class='ocr_line' id='line_1_5' title="bbox 243 962 2640 1044; baseline -0 -19"><span class='ocrx_word' id='word_1_31' title='bbox 243 963 469 1025; x_wconf 91' lang='lat' dir='ltr'>bantur</span> <span class='ocrx_word' id='word_1_32' title='bbox 519 982 677 1044; x_wconf 90' lang='lat' dir='ltr'>quae</span> <span class='ocrx_word' id='word_1_33' title='bbox 726 981 847 1025; x_wconf 90' lang='lat' dir='ltr'>non</span> <span class='ocrx_word' id='word_1_34' title='bbox 898 962 1309 1026; x_wconf 76' lang='lat' dir='ltr'>habebantur.</span> <span class='ocrx_word' id='word_1_35' title='bbox 1414 963 1592 1026; x_wconf 87' lang='lat' dir='ltr'>nulla</span> <span class='ocrx_word' id='word_1_36' title='bbox 1640 963 1889 1037; x_wconf 81' lang='lat' dir='ltr'>aetatiS,</span> <span class='ocrx_word' id='word_1_37' title='bbox 1939 962 2313 1025; x_wconf 89' lang='lat' dir='ltr'>ualitudinis</span> <span class='ocrx_word' id='word_1_38' title='bbox 2364 980 2545 1025; x_wconf 82' lang='lat' dir='ltr'>excu-</span> <span class='ocrx_word' id='word_1_39' title='bbox 2600 963 2640 1014; x_wconf 85' lang='lat'>4</span> 
     </span>
     <span class='ocr_line' id='line_1_6' title="bbox 246 1068 2548 1152; baseline -0.001 -20"><span class='ocrx_word' id='word_1_40' title='bbox 246 1070 424 1133; x_wconf 90' lang='lat' dir='ltr'>satio.</span> <span class='ocrx_word' id='word_1_41' title='bbox 476 1069 651 1152; x_wconf 85' lang='lat' dir='ltr'>aegri</span> <span class='ocrx_word' id='word_1_42' title='bbox 699 1071 763 1133; x_wconf 91' lang='lat' dir='ltr'>et</span> <span class='ocrx_word' id='word_1_43' title='bbox 809 1069 1049 1132; x_wconf 83' lang='lat' dir='ltr'>debiles</span> <span class='ocrx_word' id='word_1_44' title='bbox 1100 1069 1561 1145; x_wconf 87' lang='lat' dir='ltr'>deferebantur,</span> <span class='ocrx_word' id='word_1_45' title='bbox 1605 1068 2105 1132; x_wconf 87' lang='lat' dir='ltr'>aestimabantur</span> <span class='ocrx_word' id='word_1_46' title='bbox 2142 1072 2383 1132; x_wconf 87' lang='lat' dir='ltr'>aetates</span> <span class='ocrx_word' id='word_1_47' title='bbox 2423 1068 2548 1131; x_wconf 88' lang='lat' dir='ltr'>sin-</span> 
     </span>
     <span class='ocr_line' id='line_1_7' title="bbox 244 1174 2545 1259; baseline -0 -20"><span class='ocrx_word' id='word_1_48' title='bbox 244 1176 563 1259; x_wconf 89' lang='lat' dir='ltr'>gulorum,</span> <span class='ocrx_word' id='word_1_49' title='bbox 628 1176 913 1257; x_wconf 91' lang='lat' dir='ltr'>paruulis</span> <span class='ocrx_word' id='word_1_50' title='bbox 982 1174 1415 1238; x_wconf 80' lang='lat' dir='ltr'>adiciebantur</span> <span class='ocrx_word' id='word_1_51' title='bbox 1483 1175 1648 1251; x_wconf 89' lang='lat' dir='ltr'>anni,</span> <span class='ocrx_word' id='word_1_52' title='bbox 1711 1175 1966 1239; x_wconf 89' lang='lat' dir='ltr'>senibus</span> <span class='ocrx_word' id='word_1_53' title='bbox 2036 1174 2545 1238; x_wconf 72' lang='lat' dir='ltr'>detrahebantur.</span> 
     </span>
     <span class='ocr_line' id='line_1_8' title="bbox 242 1281 2646 1365; baseline -0 -20"><span class='ocrx_word' id='word_1_54' title='bbox 242 1285 417 1346; x_wconf 90' lang='lat' dir='ltr'>luctu</span> <span class='ocrx_word' id='word_1_55' title='bbox 471 1285 539 1345; x_wconf 90' lang='lat' dir='ltr'>et</span> <span class='ocrx_word' id='word_1_56' title='bbox 584 1282 907 1346; x_wconf 86' lang='lat' dir='ltr'>maestitia</span> <span class='ocrx_word' id='word_1_57' title='bbox 945 1283 1131 1365; x_wconf 91' lang='lat' dir='ltr'>plena</span> <span class='ocrx_word' id='word_1_58' title='bbox 1179 1281 1406 1345; x_wconf 91' lang='lat' dir='ltr'>omnia.</span> <span class='ocrx_word' id='word_1_59' title='bbox 1502 1301 1662 1363; x_wconf 90' lang='lat' dir='ltr'>quae</span> <span class='ocrx_word' id='word_1_60' title='bbox 1701 1286 1951 1345; x_wconf 87' lang='lat' dir='ltr'>ueteres</span> <span class='ocrx_word' id='word_1_61' title='bbox 1992 1281 2298 1344; x_wconf 87' lang='lat' dir='ltr'>aduersus</span> <span class='ocrx_word' id='word_1_62' title='bbox 2338 1282 2547 1344; x_wconf 89' lang='lat' dir='ltr'>uictos</span> <span class='ocrx_word' id='word_1_63' title='bbox 2608 1283 2646 1335; x_wconf 83' lang='grc'>5</span> 
     </span>
     <span class='ocr_line' id='line_1_9' title="bbox 244 1388 2549 1469; baseline -0.001 -17"><span class='ocrx_word' id='word_1_64' title='bbox 244 1390 372 1453; x_wconf 92' lang='lat' dir='ltr'>iure</span> <span class='ocrx_word' id='word_1_65' title='bbox 421 1390 583 1453; x_wconf 89' lang='lat' dir='ltr'>belli</span> <span class='ocrx_word' id='word_1_66' title='bbox 629 1389 925 1468; x_wconf 81' lang='lat' dir='ltr'>fecerant,</span> <span class='ocrx_word' id='word_1_67' title='bbox 968 1392 1031 1452; x_wconf 93' lang='lat' dir='ltr'>et</span> <span class='ocrx_word' id='word_1_68' title='bbox 1077 1390 1187 1451; x_wconf 91' lang='lat' dir='ltr'>ille</span> <span class='ocrx_word' id='word_1_69' title='bbox 1228 1389 1534 1452; x_wconf 88' lang='lat' dir='ltr'>aduersus</span> <span class='ocrx_word' id='word_1_70' title='bbox 1575 1389 1893 1452; x_wconf 86' lang='lat' dir='ltr'>Romanos</span> <span class='ocrx_word' id='word_1_71' title='bbox 1933 1389 2363 1469; x_wconf 87' lang='lat' dir='ltr'>Romanisque</span> <span class='ocrx_word' id='word_1_72' title='bbox 2403 1388 2549 1452; x_wconf 90' lang='lat' dir='ltr'>sub-</span> 
     </span>
     <span class='ocr_line' id='line_1_10' title="bbox 245 1493 2551 1578; baseline -0.001 -19"><span class='ocrx_word' id='word_1_73' title='bbox 245 1498 441 1561; x_wconf 88' lang='lat' dir='ltr'>iectos</span> <span class='ocrx_word' id='word_1_74' title='bbox 502 1498 712 1560; x_wconf 87' lang='lat' dir='ltr'>facere</span> <span class='ocrx_word' id='word_1_75' title='bbox 768 1514 964 1559; x_wconf 89' lang='lat' dir='ltr'>ausus</span> <span class='ocrx_word' id='word_1_76' title='bbox 1024 1499 1140 1571; x_wconf 89' lang='lat' dir='ltr'>est,</span> <span class='ocrx_word' id='word_1_77' title='bbox 1201 1495 1349 1576; x_wconf 91' lang='lat' dir='ltr'>quia</span> <span class='ocrx_word' id='word_1_78' title='bbox 1405 1498 1698 1578; x_wconf 90' lang='lat' dir='ltr'>parentes</span> <span class='ocrx_word' id='word_1_79' title='bbox 1757 1494 1894 1558; x_wconf 86' lang='lat' dir='ltr'>eius</span> <span class='ocrx_word' id='word_1_80' title='bbox 1957 1494 2174 1558; x_wconf 89' lang='lat' dir='ltr'>censui</span> <span class='ocrx_word' id='word_1_81' title='bbox 2224 1493 2551 1578; x_wconf 88' lang='lat' dir='ltr'>subiugati</span> 
     </span>
     <span class='ocr_line' id='line_1_11' title="bbox 245 1601 2549 1684; baseline -0.002 -17"><span class='ocrx_word' id='word_1_82' title='bbox 245 1604 513 1676; x_wconf 85' lang='lat' dir='ltr'>fuerant,</span> <span class='ocrx_word' id='word_1_83' title='bbox 576 1622 761 1684; x_wconf 89' lang='lat' dir='ltr'>quem</span> <span class='ocrx_word' id='word_1_84' title='bbox 829 1603 1134 1666; x_wconf 88' lang='lat' dir='ltr'>Traianus</span> <span class='ocrx_word' id='word_1_85' title='bbox 1194 1603 1409 1666; x_wconf 89' lang='lat' dir='ltr'>Daciis</span> <span class='ocrx_word' id='word_1_86' title='bbox 1478 1601 1735 1665; x_wconf 89' lang='lat' dir='ltr'>assidue</span> <span class='ocrx_word' id='word_1_87' title='bbox 1801 1602 2255 1665; x_wconf 89' lang='lat' dir='ltr'>rebellantibus</span> <span class='ocrx_word' id='word_1_88' title='bbox 2311 1619 2549 1683; x_wconf 90' lang='lat' dir='ltr'>poenae</span> 
     </span>
     <span class='ocr_line' id='line_1_12' title="bbox 247 1707 2647 1792; baseline -0.003 -21"><span class='ocrx_word' id='word_1_89' title='bbox 247 1710 447 1792; x_wconf 89' lang='lat' dir='ltr'>gratia</span> <span class='ocrx_word' id='word_1_90' title='bbox 493 1709 707 1772; x_wconf 90' lang='lat' dir='ltr'>uictor</span> <span class='ocrx_word' id='word_1_91' title='bbox 752 1708 1082 1791; x_wconf 87' lang='lat' dir='ltr'>imposuit.</span> <span class='ocrx_word' id='word_1_92' title='bbox 1177 1712 1325 1789; x_wconf 90' lang='lat' dir='ltr'>post</span> <span class='ocrx_word' id='word_1_93' title='bbox 1370 1709 1488 1771; x_wconf 91' lang='lat' dir='ltr'>hoc</span> <span class='ocrx_word' id='word_1_94' title='bbox 1535 1708 1839 1791; x_wconf 90' lang='lat' dir='ltr'>pecuniae</span> <span class='ocrx_word' id='word_1_95' title='bbox 1887 1727 1999 1789; x_wconf 92' lang='lat' dir='ltr'>pro</span> <span class='ocrx_word' id='word_1_96' title='bbox 2049 1707 2365 1789; x_wconf 90' lang='lat' dir='ltr'>capitibus</span> <span class='ocrx_word' id='word_1_97' title='bbox 2403 1726 2552 1789; x_wconf 84' lang='lat' dir='ltr'>pen·</span> <span class='ocrx_word' id='word_1_98' title='bbox 2609 1711 2647 1763; x_wconf 89' lang='grc'><strong>6</strong></span> 
     </span>
     <span class='ocr_line' id='line_1_13' title="bbox 248 1814 2551 1898; baseline -0.002 -19"><span class='ocrx_word' id='word_1_99' title='bbox 248 1817 563 1880; x_wconf 66' lang='lat' dir='ltr'>elebantur</span> <span class='ocrx_word' id='word_1_100' title='bbox 610 1818 673 1879; x_wconf 92' lang='lat' dir='ltr'>et</span> <span class='ocrx_word' id='word_1_101' title='bbox 719 1834 961 1878; x_wconf 88' lang='lat' dir='ltr'>merces</span> <span class='ocrx_word' id='word_1_102' title='bbox 1010 1835 1120 1898; x_wconf 91' lang='lat' dir='ltr'>pro</span> <span class='ocrx_word' id='word_1_103' title='bbox 1168 1815 1306 1878; x_wconf 87' lang='lat' dir='ltr'>uita</span> <span class='ocrx_word' id='word_1_104' title='bbox 1354 1814 1642 1880; x_wconf 89' lang='lat' dir='ltr'>dabatur.</span> <span class='ocrx_word' id='word_1_105' title='bbox 1710 1833 1830 1878; x_wconf 93' lang='lat' dir='ltr'>non</span> <span class='ocrx_word' id='word_1_106' title='bbox 1888 1818 2101 1877; x_wconf 90' lang='lat' dir='ltr'>tamen</span> <span class='ocrx_word' id='word_1_107' title='bbox 2158 1814 2363 1877; x_wconf 90' lang='lat' dir='ltr'>isdem</span> <span class='ocrx_word' id='word_1_108' title='bbox 2411 1831 2551 1875; x_wconf 90' lang='lat' dir='ltr'>cen·</span> 
     </span>
     <span class='ocr_line' id='line_1_14' title="bbox 249 1921 2557 2002; baseline -0.002 -15"><span class='ocrx_word' id='word_1_109' title='bbox 249 1923 559 1987; x_wconf 88' lang='lat' dir='ltr'>sitoribus</span> <span class='ocrx_word' id='word_1_110' title='bbox 627 1922 781 1986; x_wconf 88' lang='lat' dir='ltr'>fides</span> <span class='ocrx_word' id='word_1_111' title='bbox 852 1922 1223 1999; x_wconf 85' lang='lat' dir='ltr'>habebatur,</span> <span class='ocrx_word' id='word_1_112' title='bbox 1291 1921 1399 1984; x_wconf 89' lang='lat' dir='ltr'>sed</span> <span class='ocrx_word' id='word_1_113' title='bbox 1471 1922 1579 1984; x_wconf 89' lang='lat' dir='ltr'>alii</span> <span class='ocrx_word' id='word_1_114' title='bbox 1656 1941 1846 2002; x_wconf 89' lang='lat' dir='ltr'>super</span> <span class='ocrx_word' id='word_1_115' title='bbox 1911 1922 2071 1985; x_wconf 88' lang='lat' dir='ltr'>alios</span> <span class='ocrx_word' id='word_1_116' title='bbox 2134 1921 2557 1985; x_wconf 90' lang='lat' dir='ltr'>mittebantur</span> 
     </span>
     <span class='ocr_line' id='line_1_15' title="bbox 246 2027 2554 2111; baseline -0.001 -19"><span class='ocrx_word' id='word_1_117' title='bbox 246 2034 581 2111; x_wconf 90' lang='lat' dir='ltr'>tamquam</span> <span class='ocrx_word' id='word_1_118' title='bbox 645 2029 827 2110; x_wconf 90' lang='lat' dir='ltr'>plura</span> <span class='ocrx_word' id='word_1_119' title='bbox 890 2029 1233 2105; x_wconf 89' lang='lat' dir='ltr'>inuenturi,</span> <span class='ocrx_word' id='word_1_120' title='bbox 1285 2031 1348 2092; x_wconf 92' lang='lat' dir='ltr'>et</span> <span class='ocrx_word' id='word_1_121' title='bbox 1415 2028 1861 2110; x_wconf 86' lang='lat' dir='ltr'>duplicabatur</span> <span class='ocrx_word' id='word_1_122' title='bbox 1928 2047 2194 2109; x_wconf 90' lang='lat' dir='ltr'>semper,</span> <span class='ocrx_word' id='word_1_123' title='bbox 2241 2027 2371 2090; x_wconf 91' lang='lat' dir='ltr'>illis</span> <span class='ocrx_word' id='word_1_124' title='bbox 2433 2045 2554 2090; x_wconf 90' lang='lat' dir='ltr'>non</span> 
     </span>
     <span class='ocr_line' id='line_1_16' title="bbox 247 2136 2554 2213; baseline -0.001 -14"><span class='ocrx_word' id='word_1_125' title='bbox 247 2136 747 2213; x_wconf 80' lang='lat' dir='ltr'>inuenientibuS‚</span> <span class='ocrx_word' id='word_1_126' title='bbox 797 2137 907 2200; x_wconf 90' lang='lat' dir='ltr'>sed</span> <span class='ocrx_word' id='word_1_127' title='bbox 957 2140 1030 2200; x_wconf 90' lang='lat' dir='ltr'>ut</span> <span class='ocrx_word' id='word_1_128' title='bbox 1074 2136 1268 2200; x_wconf 90' lang='lat' dir='ltr'>libuit</span> <span class='ocrx_word' id='word_1_129' title='bbox 1315 2136 1714 2212; x_wconf 78' lang='lat' dir='ltr'>addentibUS,</span> <span class='ocrx_word' id='word_1_130' title='bbox 1765 2156 1840 2199; x_wconf 92' lang='lat' dir='ltr'>ne</span> <span class='ocrx_word' id='word_1_131' title='bbox 1887 2137 2121 2200; x_wconf 86' lang='lat' dir='ltr'>frustra</span> <span class='ocrx_word' id='word_1_132' title='bbox 2158 2136 2341 2205; x_wconf 80' lang='lat' dir='ltr'>missi</span> <span class='ocrx_word' id='word_1_133' title='bbox 2378 2136 2554 2198; x_wconf 90' lang='lat' dir='ltr'>uide·</span> 
     </span>
     <span class='ocr_line' id='line_1_17' title="bbox 248 2243 2645 2308; baseline -0.001 -2"><span class='ocrx_word' id='word_1_134' title='bbox 248 2246 479 2307; x_wconf 89' lang='lat' dir='ltr'>rentur.</span> <span class='ocrx_word' id='word_1_135' title='bbox 580 2243 819 2307; x_wconf 90' lang='lat' dir='ltr'>interea</span> <span class='ocrx_word' id='word_1_136' title='bbox 875 2243 1323 2308; x_wconf 89' lang='lat' dir='ltr'>minuebantur</span> <span class='ocrx_word' id='word_1_137' title='bbox 1380 2244 1674 2307; x_wconf 92' lang='lat' dir='ltr'>animalia</span> <span class='ocrx_word' id='word_1_138' title='bbox 1725 2248 1788 2307; x_wconf 89' lang='lat' dir='ltr'>et</span> <span class='ocrx_word' id='word_1_139' title='bbox 1834 2244 2132 2307; x_wconf 90' lang='lat' dir='ltr'>mortales</span> <span class='ocrx_word' id='word_1_140' title='bbox 2183 2243 2443 2306; x_wconf 89' lang='lat' dir='ltr'>obibant</span> <span class='ocrx_word' id='word_1_141' title='bbox 2491 2246 2554 2305; x_wconf 92' lang='lat' dir='ltr'>et</span> <span class='ocrx_word' id='word_1_142' title='bbox 2610 2246 2645 2297; x_wconf 82' lang='lat'><strong>7</strong></span> 
     </span>
     <span class='ocr_line' id='line_1_18' title="bbox 249 2349 2557 2431; baseline -0 -19"><span class='ocrx_word' id='word_1_143' title='bbox 249 2350 442 2413; x_wconf 88' lang='lat' dir='ltr'>nihilo</span> <span class='ocrx_word' id='word_1_144' title='bbox 503 2351 720 2413; x_wconf 90' lang='lat' dir='ltr'>minus</span> <span class='ocrx_word' id='word_1_145' title='bbox 780 2351 1195 2414; x_wconf 89' lang='lat' dir='ltr'>soluebantur</span> <span class='ocrx_word' id='word_1_146' title='bbox 1250 2351 1492 2414; x_wconf 88' lang='lat' dir='ltr'>tributa</span> <span class='ocrx_word' id='word_1_147' title='bbox 1550 2370 1662 2431; x_wconf 88' lang='lat' dir='ltr'>pro</span> <span class='ocrx_word' id='word_1_148' title='bbox 1720 2351 2010 2424; x_wconf 90' lang='lat' dir='ltr'>mortuis,</span> <span class='ocrx_word' id='word_1_149' title='bbox 2060 2354 2134 2413; x_wconf 91' lang='lat' dir='ltr'>ut</span> <span class='ocrx_word' id='word_1_150' title='bbox 2178 2368 2292 2413; x_wconf 89' lang='lat' dir='ltr'>nec</span> <span class='ocrx_word' id='word_1_151' title='bbox 2341 2349 2557 2411; x_wconf 88' lang='lat' dir='ltr'>uiuere</span> 
     </span>
     <span class='ocr_line' id='line_1_19' title="bbox 251 2454 2560 2541; baseline -0.001 -22"><span class='ocrx_word' id='word_1_152' title='bbox 251 2456 373 2519; x_wconf 89' lang='lat' dir='ltr'>iam</span> <span class='ocrx_word' id='word_1_153' title='bbox 420 2475 541 2520; x_wconf 91' lang='lat' dir='ltr'>nec</span> <span class='ocrx_word' id='word_1_154' title='bbox 592 2457 753 2520; x_wconf 91' lang='lat' dir='ltr'>mori</span> <span class='ocrx_word' id='word_1_155' title='bbox 803 2457 1020 2520; x_wconf 90' lang='lat' dir='ltr'>saltim</span> <span class='ocrx_word' id='word_1_156' title='bbox 1071 2458 1269 2541; x_wconf 87' lang='lat' dir='ltr'>gratis</span> <span class='ocrx_word' id='word_1_157' title='bbox 1317 2458 1556 2521; x_wconf 88' lang='lat' dir='ltr'>liceret.</span> <span class='ocrx_word' id='word_1_158' title='bbox 1617 2456 1893 2521; x_wconf 86' lang='lat' dir='ltr'>mendici</span> <span class='ocrx_word' id='word_1_159' title='bbox 1943 2460 2311 2539; x_wconf 88' lang='lat' dir='ltr'>supererant</span> <span class='ocrx_word' id='word_1_160' title='bbox 2357 2454 2476 2518; x_wconf 90' lang='lat' dir='ltr'>soli</span> <span class='ocrx_word' id='word_1_161' title='bbox 2525 2472 2560 2516; x_wconf 90' lang='lat' dir='ltr'>a</span> 
     </span>
     <span class='ocr_line' id='line_1_20' title="bbox 252 2563 2558 2648; baseline -0.001 -21"><span class='ocrx_word' id='word_1_162' title='bbox 252 2564 481 2646; x_wconf 90' lang='lat' dir='ltr'>quibus</span> <span class='ocrx_word' id='word_1_163' title='bbox 534 2565 697 2628; x_wconf 89' lang='lat' dir='ltr'>nihil</span> <span class='ocrx_word' id='word_1_164' title='bbox 746 2565 913 2648; x_wconf 84' lang='lat' dir='ltr'>exigi</span> <span class='ocrx_word' id='word_1_165' title='bbox 958 2569 1210 2646; x_wconf 87' lang='lat' dir='ltr'>posset:</span> <span class='ocrx_word' id='word_1_166' title='bbox 1261 2586 1421 2648; x_wconf 91' lang='lat' dir='ltr'>quos</span> <span class='ocrx_word' id='word_1_167' title='bbox 1474 2565 1549 2628; x_wconf 94' lang='lat' dir='ltr'>ab</span> <span class='ocrx_word' id='word_1_168' title='bbox 1602 2565 1775 2628; x_wconf 91' lang='lat' dir='ltr'>omni</span> <span class='ocrx_word' id='word_1_169' title='bbox 1813 2584 2042 2648; x_wconf 86' lang='lat' dir='ltr'>genere</span> <span class='ocrx_word' id='word_1_170' title='bbox 2081 2563 2344 2627; x_wconf 90' lang='lat' dir='ltr'>iniuriae</span> <span class='ocrx_word' id='word_1_171' title='bbox 2382 2565 2558 2626; x_wconf 90' lang='lat' dir='ltr'>tutos</span> 
     </span>
     <span class='ocr_line' id='line_1_21' title="bbox 252 2671 2654 2755; baseline -0 -23"><span class='ocrx_word' id='word_1_172' title='bbox 252 2671 506 2735; x_wconf 87' lang='lat' dir='ltr'>miseria</span> <span class='ocrx_word' id='word_1_173' title='bbox 557 2674 621 2734; x_wconf 92' lang='lat' dir='ltr'>et</span> <span class='ocrx_word' id='word_1_174' title='bbox 666 2672 1007 2736; x_wconf 85' lang='lat' dir='ltr'>infelicitas</span> <span class='ocrx_word' id='word_1_175' title='bbox 1055 2674 1312 2737; x_wconf 86' lang='lat' dir='ltr'>fecerat.</span> <span class='ocrx_word' id='word_1_176' title='bbox 1407 2674 1625 2755; x_wconf 89' lang='lat' dir='ltr'>atquin</span> <span class='ocrx_word' id='word_1_177' title='bbox 1683 2674 1868 2736; x_wconf 89' lang='lat' dir='ltr'>homo</span> <span class='ocrx_word' id='word_1_178' title='bbox 1915 2672 2061 2753; x_wconf 91' lang='lat' dir='ltr'>pius</span> <span class='ocrx_word' id='word_1_179' title='bbox 2109 2672 2410 2735; x_wconf 83' lang='lat' dir='ltr'>misertus</span> <span class='ocrx_word' id='word_1_180' title='bbox 2461 2671 2560 2732; x_wconf 90' lang='lat' dir='ltr'>est</span> <span class='ocrx_word' id='word_1_181' title='bbox 2614 2672 2654 2724; x_wconf 85' lang='lat'>8</span> 
     </span>
     <span class='ocr_line' id='line_1_22' title="bbox 253 2777 2557 2863; baseline -0 -24"><span class='ocrx_word' id='word_1_182' title='bbox 253 2777 397 2854; x_wconf 92' lang='lat' dir='ltr'>illis,</span> <span class='ocrx_word' id='word_1_183' title='bbox 457 2781 537 2841; x_wconf 86' lang='lat' dir='ltr'>ut</span> <span class='ocrx_word' id='word_1_184' title='bbox 594 2796 716 2841; x_wconf 91' lang='lat' dir='ltr'>non</span> <span class='ocrx_word' id='word_1_185' title='bbox 776 2782 1052 2861; x_wconf 85' lang='lat' dir='ltr'>egerent.</span> <span class='ocrx_word' id='word_1_186' title='bbox 1123 2780 1495 2863; x_wconf 90' lang='lat' dir='ltr'>congregari</span> <span class='ocrx_word' id='word_1_187' title='bbox 1553 2799 1773 2843; x_wconf 91' lang='lat' dir='ltr'>omnes</span> <span class='ocrx_word' id='word_1_188' title='bbox 1829 2779 2022 2842; x_wconf 87' lang='lat' dir='ltr'>iussit</span> <span class='ocrx_word' id='word_1_189' title='bbox 2080 2781 2143 2842; x_wconf 89' lang='lat' dir='ltr'>et</span> <span class='ocrx_word' id='word_1_190' title='bbox 2198 2778 2557 2859; x_wconf 87' lang='lat' dir='ltr'>exportatos</span> 
     </span>
     <span class='ocr_line' id='line_1_23' title="bbox 255 2881 2562 2969; baseline -0 -24"><span class='ocrx_word' id='word_1_191' title='bbox 255 2883 572 2947; x_wconf 89' lang='lat' dir='ltr'>nauiculis</span> <span class='ocrx_word' id='word_1_192' title='bbox 640 2883 702 2947; x_wconf 93' lang='lat' dir='ltr'>in</span> <span class='ocrx_word' id='word_1_193' title='bbox 768 2905 937 2948; x_wconf 89' lang='lat' dir='ltr'>mare</span> <span class='ocrx_word' id='word_1_194' title='bbox 1003 2887 1225 2969; x_wconf 88' lang='lat' dir='ltr'>mergi.</span> <span class='ocrx_word' id='word_1_195' title='bbox 1295 2886 1449 2950; x_wconf 88' lang='lat' dir='ltr'>adeo</span> <span class='ocrx_word' id='word_1_196' title='bbox 1516 2886 1839 2949; x_wconf 90' lang='lat' dir='ltr'>hominem</span> <span class='ocrx_word' id='word_1_197' title='bbox 1893 2884 2394 2961; x_wconf 88' lang='lat' dir='ltr'>misericordem,</span> <span class='ocrx_word' id='word_1_198' title='bbox 2450 2881 2562 2964; x_wconf 90' lang='lat' dir='ltr'>qui</span> 
     </span>
     <span class='ocr_line' id='line_1_24' title="bbox 254 2991 2657 3074; baseline -0.002 -22"><span class='ocrx_word' id='word_1_199' title='bbox 254 2991 607 3071; x_wconf 89' lang='lat' dir='ltr'>prouiderit</span> <span class='ocrx_word' id='word_1_200' title='bbox 651 3010 727 3055; x_wconf 92' lang='lat' dir='ltr'>ne</span> <span class='ocrx_word' id='word_1_201' title='bbox 774 2992 914 3073; x_wconf 91' lang='lat' dir='ltr'>quis</span> <span class='ocrx_word' id='word_1_202' title='bbox 962 2993 1074 3055; x_wconf 91' lang='lat' dir='ltr'>illo</span> <span class='ocrx_word' id='word_1_203' title='bbox 1122 2993 1472 3074; x_wconf 88' lang='lat' dir='ltr'>imperante</span> <span class='ocrx_word' id='word_1_204' title='bbox 1517 2993 1714 3056; x_wconf 88' lang='lat' dir='ltr'>miser</span> <span class='ocrx_word' id='word_1_205' title='bbox 1754 2995 1955 3055; x_wconf 83' lang='lat' dir='ltr'>esset!</span> <span class='ocrx_word' id='word_1_206' title='bbox 2049 2992 2140 3055; x_wconf 87' lang='lat' dir='ltr'>ita</span> <span class='ocrx_word' id='word_1_207' title='bbox 2180 2991 2330 3054; x_wconf 85' lang='lat' dir='ltr'>dum</span> <span class='ocrx_word' id='word_1_208' title='bbox 2371 2994 2557 3053; x_wconf 88' lang='lat' dir='ltr'>cauet</span> <span class='ocrx_word' id='word_1_209' title='bbox 2618 2994 2657 3046; x_wconf 85' lang='lat'><strong>9</strong></span> 
     </span>
     <span class='ocr_line' id='line_1_25' title="bbox 256 3097 2560 3182; baseline -0.001 -22"><span class='ocrx_word' id='word_1_210' title='bbox 256 3115 326 3160; x_wconf 93' lang='lat' dir='ltr'>ne</span> <span class='ocrx_word' id='word_1_211' title='bbox 366 3098 513 3178; x_wconf 90' lang='lat' dir='ltr'>quis</span> <span class='ocrx_word' id='word_1_212' title='bbox 558 3097 964 3162; x_wconf 88' lang='lat' dir='ltr'>simulatione</span> <span class='ocrx_word' id='word_1_213' title='bbox 1003 3099 1435 3163; x_wconf 84' lang='lat' dir='ltr'>mendicitatis</span> <span class='ocrx_word' id='word_1_214' title='bbox 1476 3118 1737 3162; x_wconf 92' lang='lat' dir='ltr'>censum</span> <span class='ocrx_word' id='word_1_215' title='bbox 1782 3098 2231 3182; x_wconf 85' lang='lat' dir='ltr'>subterfugiat,</span> <span class='ocrx_word' id='word_1_216' title='bbox 2269 3097 2560 3160; x_wconf 89' lang='lat' dir='ltr'>multitu-</span> 
     </span>
     <span class='ocr_line' id='line_1_26' title="bbox 202 3202 2559 3270; baseline -0 -4"><span class='ocrx_word' id='word_1_217' title='bbox 202 3230 223 3266; x_wconf 74' lang='grc' dir='ltr'>ε»</span> <span class='ocrx_word' id='word_1_218' title='bbox 258 3202 462 3267; x_wconf 88' lang='lat' dir='ltr'>dinem</span> <span class='ocrx_word' id='word_1_219' title='bbox 502 3223 803 3268; x_wconf 90' lang='lat' dir='ltr'>uerorum</span> <span class='ocrx_word' id='word_1_220' title='bbox 842 3206 1221 3270; x_wconf 88' lang='lat' dir='ltr'>miserorum</span> <span class='ocrx_word' id='word_1_221' title='bbox 1263 3209 1479 3270; x_wconf 88' lang='lat' dir='ltr'>contra</span> <span class='ocrx_word' id='word_1_222' title='bbox 1510 3225 1692 3269; x_wconf 91' lang='lat' dir='ltr'>omne</span> <span class='ocrx_word' id='word_1_223' title='bbox 1722 3206 1823 3269; x_wconf 88' lang='lat' dir='ltr'>ius</span> <span class='ocrx_word' id='word_1_224' title='bbox 1854 3205 2272 3269; x_wconf 88' lang='lat' dir='ltr'>humanitatis</span> <span class='ocrx_word' id='word_1_225' title='bbox 2304 3202 2559 3268; x_wconf 87' lang='lat' dir='ltr'>occidit.</span> 
     </span>
    </p>
   </div>
   <div class='ocr_carea' id='block_1_3' title="bbox 260 3394 2574 4265">
    <p class='ocr_par' dir='ltr' id='par_1_3' title="bbox 260 3394 2574 4265">
     <span class='ocr_line' id='line_1_27' title="bbox 325 3394 2561 3466; baseline -0 -20"><span class='ocrx_word' id='word_1_226' title='bbox 325 3394 356 3446; x_wconf 84' lang='lat'>2</span> <span class='ocrx_word' id='word_1_227' title='bbox 383 3400 520 3462; x_wconf 78' lang='lat' dir='ltr'>post</span> <span class='ocrx_word' id='word_1_228' title='bbox 561 3395 744 3447; x_wconf 85' lang='lat' dir='ltr'>omnia</span> <span class='ocrx_word' id='word_1_229' title='bbox 784 3399 818 3447; x_wconf 80' lang='lat'><em>4</em></span> <span class='ocrx_word' id='word_1_230' title='bbox 858 3395 962 3450; x_wconf 78' lang='lat' dir='ltr'>litt.</span> <span class='ocrx_word' id='word_1_231' title='bbox 1001 3401 1064 3448; x_wconf 82' lang='lat' dir='ltr'>ut</span> <span class='ocrx_word' id='word_1_232' title='bbox 1100 3396 1214 3448; x_wconf 82' lang='lat' dir='ltr'>uid.</span> <span class='ocrx_word' id='word_1_233' title='bbox 1255 3413 1324 3449; x_wconf 86' lang='lat' dir='ltr'>er.</span> <span class='ocrx_word' id='word_1_234' title='bbox 1369 3396 1524 3461; x_wconf 52' lang='lat' dir='ltr'>(divd.</span> <span class='ocrx_word' id='word_1_235' title='bbox 1566 3398 1908 3466; x_wconf 71' lang='lat' dir='ltr'>aynoscitur)</span> <span class='ocrx_word' id='word_1_236' title='bbox 1955 3395 2001 3448; x_wconf 78' lang='lat' dir='ltr'><strong><em>C</em></strong></span> <span class='ocrx_word' id='word_1_237' title='bbox 2121 3396 2156 3448; x_wconf 89' lang='lat'>4</span> <span class='ocrx_word' id='word_1_238' title='bbox 2195 3400 2324 3448; x_wconf 84' lang='lat' dir='ltr'>ante</span> <span class='ocrx_word' id='word_1_239' title='bbox 2359 3394 2561 3446; x_wconf 84' lang='lat' dir='ltr'>ualitu-</span> 
     </span>
     <span class='ocr_line' id='line_1_28' title="bbox 261 3481 2564 3553; baseline 0 -19"><span class='ocrx_word' id='word_1_240' title='bbox 261 3481 398 3536; x_wconf 90' lang='lat' dir='ltr'>dinis</span> <span class='ocrx_word' id='word_1_241' title='bbox 438 3484 575 3537; x_wconf 84' lang='lat' dir='ltr'>add.</span> <span class='ocrx_word' id='word_1_242' title='bbox 616 3484 769 3537; x_wconf 82' lang='lat' dir='ltr'>nulla</span> <span class='ocrx_word' id='word_1_243' title='bbox 805 3485 1102 3552; x_wconf 69' lang='lat' dir='ltr'>Graeuius’,</span> <span class='ocrx_word' id='word_1_244' title='bbox 1142 3489 1238 3537; x_wconf 85' lang='lat' dir='ltr'>aut</span> <span class='ocrx_word' id='word_1_245' title='bbox 1276 3486 1398 3541; x_wconf 79' lang='lat' dir='ltr'>Nic.</span> <span class='ocrx_word' id='word_1_246' title='bbox 1428 3486 1719 3553; x_wconf 67' lang='lat' dir='ltr'>HeinsiuS,</span> <span class='ocrx_word' id='word_1_247' title='bbox 1757 3486 1845 3540; x_wconf 91' lang='lat' dir='ltr'>uel</span> <span class='ocrx_word' id='word_1_248' title='bbox 1874 3485 2179 3538; x_wconf 75' lang='lat' dir='ltr'>Heumann</span> <span class='ocrx_word' id='word_1_249' title='bbox 2324 3485 2356 3536; x_wconf 87' lang='lat'>5</span> <span class='ocrx_word' id='word_1_250' title='bbox 2396 3481 2564 3534; x_wconf 87' lang='lat' dir='ltr'>deffe-</span> 
     </span>
     <span class='ocr_line' id='line_1_29' title="bbox 260 3571 2566 3641; baseline -0.001 -17"><span class='ocrx_word' id='word_1_251' title='bbox 260 3572 518 3625; x_wconf 87' lang='lat' dir='ltr'>rebantur</span> <span class='ocrx_word' id='word_1_252' title='bbox 555 3571 603 3625; x_wconf 82' lang='lat' dir='ltr'><strong><em>G</em></strong></span> <span class='ocrx_word' id='word_1_253' title='bbox 711 3574 739 3625; x_wconf 88' lang='lat'><strong>7</strong></span> <span class='ocrx_word' id='word_1_254' title='bbox 779 3574 1014 3641; x_wconf 80' lang='lat' dir='ltr'>ueteres]</span> <span class='ocrx_word' id='word_1_255' title='bbox 1053 3575 1288 3627; x_wconf 85' lang='lat' dir='ltr'>uictores</span> <span class='ocrx_word' id='word_1_256' title='bbox 1318 3574 1437 3627; x_wconf 76' lang='lat' dir='ltr'>Bal</span> <span class='ocrx_word' id='word_1_257' title='bbox 1475 3576 1560 3640; x_wconf 83' lang='lat' dir='ltr'>(in</span> <span class='ocrx_word' id='word_1_258' title='bbox 1588 3575 1861 3640; x_wconf 77' lang='lat' dir='ltr'>Erratis),</span> <span class='ocrx_word' id='word_1_259' title='bbox 1902 3575 1979 3626; x_wconf 84' lang='lat' dir='ltr'>ad</span> <span class='ocrx_word' id='word_1_260' title='bbox 2015 3573 2250 3626; x_wconf 87' lang='lat' dir='ltr'>uictores</span> <span class='ocrx_word' id='word_1_261' title='bbox 2276 3571 2566 3624; x_wconf 81' lang='lat' dir='ltr'>Bentleius</span> 
     </span>
     <span class='ocr_line' id='line_1_30' title="bbox 261 3658 2566 3730; baseline -0.001 -18"><span class='ocrx_word' id='word_1_262' title='bbox 261 3663 468 3714; x_wconf 87' lang='lat' dir='ltr'>ueteres</span> <span class='ocrx_word' id='word_1_263' title='bbox 496 3678 565 3714; x_wconf 78' lang='lat' dir='ltr'>ex</span> <span class='ocrx_word' id='word_1_264' title='bbox 590 3662 636 3715; x_wconf 86' lang='lat' dir='ltr'><em>C</em></span> <span class='ocrx_word' id='word_1_265' title='bbox 662 3662 889 3729; x_wconf 72' lang='lat' dir='ltr'>asc-ripe.</span> <span class='ocrx_word' id='word_1_266' title='bbox 994 3661 1026 3714; x_wconf 88' lang='grc'>8</span> <span class='ocrx_word' id='word_1_267' title='bbox 1058 3663 1134 3730; x_wconf 90' lang='lat' dir='ltr'>et]</span> <span class='ocrx_word' id='word_1_268' title='bbox 1165 3679 1228 3715; x_wconf 83' lang='lat' dir='ltr'>ea</span> <span class='ocrx_word' id='word_1_269' title='bbox 1257 3664 1381 3717; x_wconf 77' lang='lat' dir='ltr'>edit.</span> <span class='ocrx_word' id='word_1_270' title='bbox 1409 3663 1580 3717; x_wconf 78' lang='lat' dir='ltr'>Oaeon.</span> <span class='ocrx_word' id='word_1_271' title='bbox 1605 3667 1777 3729; x_wconf 77' lang='lat'>1680,</span> <span class='ocrx_word' id='word_1_272' title='bbox 1805 3663 1939 3715; x_wconf 83' lang='lat' dir='ltr'>haec</span> <span class='ocrx_word' id='word_1_273' title='bbox 1957 3662 2186 3729; x_wconf 74' lang='lat' dir='ltr'>Lenylet</span> <span class='ocrx_word' id='word_1_274' title='bbox 2301 3658 2566 3712; x_wconf 86' lang='lat' dir='ltr'>subiectis</span> 
     </span>
     <span class='ocr_line' id='line_1_31' title="bbox 270 3748 2566 3821; baseline -0 -20"><span class='ocrx_word' id='word_1_275' title='bbox 270 3750 325 3815; x_wconf 79' lang='lat' dir='ltr'>C,</span> <span class='ocrx_word' id='word_1_276' title='bbox 364 3767 502 3804; x_wconf 83' lang='lat' dir='ltr'>corr.</span> <span class='ocrx_word' id='word_1_277' title='bbox 547 3751 667 3803; x_wconf 84' lang='lat' dir='ltr'>Bal</span> <span class='ocrx_word' id='word_1_278' title='bbox 850 3751 914 3803; x_wconf 88' lang='grc'>10</span> <span class='ocrx_word' id='word_1_279' title='bbox 950 3750 1137 3803; x_wconf 86' lang='lat' dir='ltr'>Daciis</span> <span class='ocrx_word' id='word_1_280' title='bbox 1178 3752 1422 3819; x_wconf 77' lang='lat' dir='ltr'>defendit</span> <span class='ocrx_word' id='word_1_281' title='bbox 1459 3752 1702 3821; x_wconf 75' lang='lat' dir='ltr'>Lenylet,</span> <span class='ocrx_word' id='word_1_282' title='bbox 1743 3751 1906 3804; x_wconf 85' lang='lat' dir='ltr'>datiis</span> <span class='ocrx_word' id='word_1_283' title='bbox 1951 3750 2024 3815; x_wconf 86' lang='lat' dir='ltr'>C;</span> <span class='ocrx_word' id='word_1_284' title='bbox 2061 3749 2223 3802; x_wconf 86' lang='lat' dir='ltr'>Dacis</span> <span class='ocrx_word' id='word_1_285' title='bbox 2260 3749 2397 3814; x_wconf 87' lang='lat' dir='ltr'>Bal,</span> <span class='ocrx_word' id='word_1_286' title='bbox 2421 3748 2566 3815; x_wconf 82' lang='lat' dir='ltr'>sort.</span> 
     </span>
     <span class='ocr_line' id='line_1_32' title="bbox 263 3839 2565 3910; baseline 0 -20"><span class='ocrx_word' id='word_1_287' title='bbox 263 3844 396 3891; x_wconf 80' lang='lat' dir='ltr'>recte</span> <span class='ocrx_word' id='word_1_288' title='bbox 582 3855 720 3908; x_wconf 70' lang='lat' dir='ltr'>pene</span> <span class='ocrx_word' id='word_1_289' title='bbox 762 3839 820 3905; x_wconf 80' lang='lat' dir='ltr'>C,</span> <span class='ocrx_word' id='word_1_290' title='bbox 857 3855 995 3892; x_wconf 84' lang='lat' dir='ltr'>corr.</span> <span class='ocrx_word' id='word_1_291' title='bbox 1034 3841 1153 3893; x_wconf 87' lang='lat' dir='ltr'>Bal</span> <span class='ocrx_word' id='word_1_292' title='bbox 1300 3842 1359 3893; x_wconf 92' lang='lat'>11</span> <span class='ocrx_word' id='word_1_293' title='bbox 1411 3842 1656 3910; x_wconf 82' lang='lat' dir='ltr'>inposuit</span> <span class='ocrx_word' id='word_1_294' title='bbox 1700 3841 1745 3894; x_wconf 86' lang='lat' dir='ltr'><em>C</em></span> <span class='ocrx_word' id='word_1_295' title='bbox 1921 3843 2046 3909; x_wconf 85' lang='lat' dir='ltr'>post</span> <span class='ocrx_word' id='word_1_296' title='bbox 2082 3840 2214 3892; x_wconf 87' lang='lat' dir='ltr'>haec</span> <span class='ocrx_word' id='word_1_297' title='bbox 2254 3852 2565 3905; x_wconf 71' lang='lat' dir='ltr'>anonymus</span> 
     </span>
     <span class='ocr_line' id='line_1_33' title="bbox 261 3926 2561 3998; baseline 0.001 -20"><span class='ocrx_word' id='word_1_298' title='bbox 261 3942 312 3992; x_wconf 82' lang='lat' dir='ltr'>p.</span> <span class='ocrx_word' id='word_1_299' title='bbox 349 3930 424 3980; x_wconf 80' lang='lat'>49</span> <span class='ocrx_word' id='word_1_300' title='bbox 539 3928 607 3980; x_wconf 84' lang='lat'>12</span> <span class='ocrx_word' id='word_1_301' title='bbox 646 3927 855 3980; x_wconf 88' lang='lat' dir='ltr'>hisdem</span> <span class='ocrx_word' id='word_1_302' title='bbox 891 3927 937 3981; x_wconf 88' lang='lat' dir='ltr'>C&#39;</span> <span class='ocrx_word' id='word_1_303' title='bbox 1045 3929 1108 3981; x_wconf 91' lang='lat'>17</span> <span class='ocrx_word' id='word_1_304' title='bbox 1148 3930 1321 3983; x_wconf 89' lang='lat' dir='ltr'>nihilo</span> <span class='ocrx_word' id='word_1_305' title='bbox 1366 3930 1679 3996; x_wconf 73' lang='lat' dir='ltr'>Columbae,</span> <span class='ocrx_word' id='word_1_306' title='bbox 1709 3929 1845 3982; x_wconf 91' lang='lat' dir='ltr'>nihil</span> <span class='ocrx_word' id='word_1_307' title='bbox 1880 3930 1925 3983; x_wconf 79' lang='grc' dir='ltr'><em>Ο</em></span> <span class='ocrx_word' id='word_1_308' title='bbox 2035 3931 2099 3982; x_wconf 82' lang='grc'><strong>19</strong></span> <span class='ocrx_word' id='word_1_309' title='bbox 2128 3928 2302 3998; x_wconf 83' lang='lat' dir='ltr'>possit</span> <span class='ocrx_word' id='word_1_310' title='bbox 2336 3926 2395 3992; x_wconf 80' lang='lat' dir='ltr'>C,</span> <span class='ocrx_word' id='word_1_311' title='bbox 2423 3941 2561 3980; x_wconf 84' lang='lat' dir='ltr'>corr.</span> 
     </span>
     <span class='ocr_line' id='line_1_34' title="bbox 264 4013 2563 4085; baseline 0 -20"><span class='ocrx_word' id='word_1_312' title='bbox 264 4013 376 4068; x_wconf 85' lang='lat' dir='ltr'>Bal</span> <span class='ocrx_word' id='word_1_313' title='bbox 522 4014 752 4067; x_wconf 87' lang='lat' dir='ltr'>iniuriae</span> <span class='ocrx_word' id='word_1_314' title='bbox 791 4017 939 4067; x_wconf 87' lang='lat' dir='ltr'>tutos</span> <span class='ocrx_word' id='word_1_315' title='bbox 968 4016 1087 4068; x_wconf 83' lang='lat' dir='ltr'>Bal</span> <span class='ocrx_word' id='word_1_316' title='bbox 1125 4017 1213 4082; x_wconf 79' lang='lat' dir='ltr'>(in</span> <span class='ocrx_word' id='word_1_317' title='bbox 1239 4018 1514 4085; x_wconf 80' lang='lat' dir='ltr'>Erratis),</span> <span class='ocrx_word' id='word_1_318' title='bbox 1552 4019 1750 4071; x_wconf 89' lang='lat' dir='ltr'>iniuria</span> <span class='ocrx_word' id='word_1_319' title='bbox 1779 4018 1976 4070; x_wconf 87' lang='lat' dir='ltr'>aetatis</span> <span class='ocrx_word' id='word_1_320' title='bbox 2012 4016 2058 4069; x_wconf 81' lang='lat' dir='ltr'><em>C</em></span> <span class='ocrx_word' id='word_1_321' title='bbox 2163 4016 2230 4068; x_wconf 91' lang='grc'>20</span> <span class='ocrx_word' id='word_1_322' title='bbox 2267 4014 2563 4067; x_wconf 84' lang='lat' dir='ltr'>infelicitas</span> 
     </span>
     <span class='ocr_line' id='line_1_35' title="bbox 268 4102 2574 4176; baseline 0 -21"><span class='ocrx_word' id='word_1_323' title='bbox 268 4118 327 4155; x_wconf 77' lang='lat' dir='ltr'>ex</span> <span class='ocrx_word' id='word_1_324' title='bbox 361 4103 707 4157; x_wconf 83' lang='lat' dir='ltr'>infelicitatis</span> <span class='ocrx_word' id='word_1_325' title='bbox 754 4102 800 4155; x_wconf 83' lang='lat'><em>0</em></span> <span class='ocrx_word' id='word_1_326' title='bbox 1010 4104 1215 4158; x_wconf 88' lang='lat' dir='ltr'>fecerat</span> <span class='ocrx_word' id='word_1_327' title='bbox 1253 4123 1318 4159; x_wconf 82' lang='lat' dir='ltr'>ex</span> <span class='ocrx_word' id='word_1_328' title='bbox 1353 4107 1546 4160; x_wconf 84' lang='lat' dir='ltr'>fecerit</span> <span class='ocrx_word' id='word_1_329' title='bbox 1591 4107 1636 4159; x_wconf 79' lang='grc' dir='ltr'><em>Ο</em></span> <span class='ocrx_word' id='word_1_330' title='bbox 1839 4108 1960 4176; x_wconf 88' lang='lat' dir='ltr'>pius</span> <span class='ocrx_word' id='word_1_331' title='bbox 2006 4106 2240 4170; x_wconf 70' lang='grc' dir='ltr'>Τοῐῑὶιιε,</span> <span class='ocrx_word' id='word_1_332' title='bbox 2278 4103 2477 4172; x_wconf 87' lang='lat' dir='ltr'>impius</span> <span class='ocrx_word' id='word_1_333' title='bbox 2522 4102 2574 4156; x_wconf 73' lang='lat' dir='ltr'>(J</span> 
     </span>
     <span class='ocr_line' id='line_1_36' title="bbox 269 4191 2570 4265; baseline 0.001 -23"><span class='ocrx_word' id='word_1_334' title='bbox 269 4191 327 4243; x_wconf 84' lang='lat'>21</span> <span class='ocrx_word' id='word_1_335' title='bbox 368 4192 495 4246; x_wconf 90' lang='lat' dir='ltr'>illis.</span> <span class='ocrx_word' id='word_1_336' title='bbox 540 4193 602 4243; x_wconf 92' lang='lat' dir='ltr'>ut</span> <span class='ocrx_word' id='word_1_337' title='bbox 638 4207 744 4243; x_wconf 91' lang='lat' dir='ltr'>non</span> <span class='ocrx_word' id='word_1_338' title='bbox 777 4196 1013 4260; x_wconf 84' lang='lat' dir='ltr'>egerent,</span> <span class='ocrx_word' id='word_1_339' title='bbox 1046 4195 1365 4262; x_wconf 87' lang='lat' dir='ltr'>congregari</span> <span class='ocrx_word' id='word_1_340' title='bbox 1395 4211 1514 4249; x_wconf 83' lang='lat' dir='ltr'>cum</span> <span class='ocrx_word' id='word_1_341' title='bbox 1551 4196 1597 4249; x_wconf 79' lang='lat' dir='ltr'><strong><em>C</em></strong></span> <span class='ocrx_word' id='word_1_342' title='bbox 1623 4196 1890 4265; x_wconf 69' lang='lat' dir='ltr'>distinqui</span> <span class='ocrx_word' id='word_1_343' title='bbox 1917 4195 2136 4247; x_wconf 77' lang='lat' dir='ltr'>mauult</span> <span class='ocrx_word' id='word_1_344' title='bbox 2165 4192 2344 4246; x_wconf 85' lang='lat' dir='ltr'>Halm</span> <span class='ocrx_word' id='word_1_345' title='bbox 2369 4210 2422 4261; x_wconf 86' lang='lat' dir='ltr'>p.</span> <span class='ocrx_word' id='word_1_346' title='bbox 2454 4195 2570 4244; x_wconf 83' lang='lat'>163</span> 
     </span>
    </p>
   </div>
   <div class='ocr_carea' id='block_1_4' title="bbox 269 4279 2568 4422">
    <p class='ocr_par' dir='ltr' id='par_1_4' title="bbox 269 4279 2568 4422">
     <span class='ocr_line' id='line_1_37' title="bbox 270 4279 2568 4349; baseline 0.001 -18"><span class='ocrx_word' id='word_1_347' title='bbox 270 4280 331 4332; x_wconf 83' lang='lat'>23</span> <span class='ocrx_word' id='word_1_348' title='bbox 388 4284 548 4334; x_wconf 85' lang='lat' dir='ltr'>canet</span> <span class='ocrx_word' id='word_1_349' title='bbox 591 4279 903 4347; x_wconf 71' lang='lat' dir='ltr'>Columbae,</span> <span class='ocrx_word' id='word_1_350' title='bbox 944 4282 1089 4334; x_wconf 83' lang='lat' dir='ltr'>cauit</span> <span class='ocrx_word' id='word_1_351' title='bbox 1133 4281 1178 4334; x_wconf 83' lang='lat'><em>0</em></span> <span class='ocrx_word' id='word_1_352' title='bbox 1321 4285 1389 4338; x_wconf 82' lang='lat'>25</span> <span class='ocrx_word' id='word_1_353' title='bbox 1448 4301 1696 4337; x_wconf 85' lang='lat' dir='ltr'>uerorum</span> <span class='ocrx_word' id='word_1_354' title='bbox 1736 4284 2000 4349; x_wconf 82' lang='lat' dir='ltr'>Bauldri,</span> <span class='ocrx_word' id='word_1_355' title='bbox 2040 4283 2276 4335; x_wconf 87' lang='lat' dir='ltr'>uirorum</span> <span class='ocrx_word' id='word_1_356' title='bbox 2320 4282 2389 4347; x_wconf 80' lang='lat'>0,·</span> <span class='ocrx_word' id='word_1_357' title='bbox 2438 4297 2568 4334; x_wconf 88' lang='lat' dir='ltr'>uere</span> 
     </span>
     <span class='ocr_line' id='line_1_38' title="bbox 269 4367 565 4422; baseline 0.01 -3"><span class='ocrx_word' id='word_1_358' title='bbox 269 4367 565 4422; x_wconf 80' lang='lat' dir='ltr'>Heumann</span> 
     </span>
    </p>
   </div>
  </div>
 </body>
</html>
