3132 5043
1076 465 1461 519 nominum
1518 468 1594 519 et
1650 482 1915 519 rerum.

2541 472 2672 535 347

385 660 607 726 notitia)
649 660 677 713 I
718 661 839 723 158,
879 662 927 714 7.
962 659 1046 713 12.
1070 658 1195 722 416,
1230 660 1312 712 13.
1340 659 1464 721 457,
1527 657 1873 727 [September
1907 657 1936 711 Ι
1977 658 2059 721 19,
2099 660 2172 727 9.]

391 752 470 805 15.
500 751 625 813 497,
648 751 697 804 3.
729 750 854 818 [603
886 749 1007 802 adn.
1035 754 1063 813 ξ
1093 748 1199 816 10.]
1228 748 1350 811 694,
1385 748 1466 799 12.
1524 747 1821 816 septentrio
1860 748 1888 801 Ι
1929 749 2046 812 143,
2092 749 2171 802 10.
2211 748 2385 817 figura
2421 750 2610 803 mortis
2648 750 2677 803 1

391 841 471 893 17.
509 839 775 892 bonorum
815 854 876 891 ac
912 838 1177 891 malorum
1213 835 1242 889 Ι
1270 836 1387 898 197,
1421 835 1465 888 1.

312 928 517 997 [Scipio
555 927 612 981 ΙΙ
651 930 699 991 6,
743 928 849 996 16.]
891 925 956 980 cf.
996 925 1298 980 Africanus.

312 1018 582 1087 scriptura
638 1018 810 1070 omnis
867 1016 922 1068 in
978 1015 1083 1068 duo
1114 1015 1468 1067 testamenta

387 1105 564 1159 diuisa
600 1105 628 1158 Ι
666 1106 787 1169 364,
820 1106 903 1158 15.
937 1103 1196 1173 quaedam
1229 1101 1467 1156 Graecae

387 1196 687 1264 scripturae
774 1194 915 1248 male
1002 1192 1068 1246 de

1599 834 1717 899 143,
1755 836 1842 890 20.

1526 926 1823 994 Septimius
1862 926 2252 980 Tertullianus:
2291 928 2568 981 Lactantii
2608 929 2673 982 de

1597 1032 1659 1068 eo
1715 1015 1973 1068 iudicium
2029 1015 2057 1068 I
2109 1017 2232 1079 402,
2299 1019 2490 1070 9—12.
2560 1017 2675 1071 eius

1596 1101 2012 1172 Apologeticum
2050 1104 2078 1157 I
2114 1107 2236 1169 411,
2275 1106 2361 1160 23.

1152 1192 1467 1246 Hebraeicis
1524 1192 1804 1260 sepultura
1841 1193 1868 1246 I
1906 1194 2295 1258 529,-8-530,
2339 1195 2421 1249 10.
2461 1195 2583 1259 532,
2624 1198 2672 1248 2.

385 1284 780 1351 interpretatae
820 1286 948 1336 sunt
983 1282 1012 1335 1
1050 1282 1173 1339 294.
1216 1282 1296 1335 12.
1348 1298 1463 1334 cae·
1522 1281 1700 1335 Osiris
1774 1299 1934 1352 quem
2000 1282 2241 1351 Serapim
2300 1287 2472 1353 (-pem
2519 1284 2674 1339 codd.

384 1373 552 1426 lestes
608 1371 826 1425 litterae
883 1370 950 1424 ab
1006 1370 1296 1424 haereticis
1353 1386 1467 1425 cor-

385 1464 579 1529 ruptae
630 1460 658 1513 1
708 1461 829 1524 395,
886 1462 971 1514 22.
1032 1460 1098 1514 de
1154 1477 1254 1512 usu
1309 1459 1469 1512 testi-

1595 1371 1769 1439 que'd.)
1814 1371 1926 1440 [uel
1965 1372 2302 1441 Serapidem]
2343 1372 2540 1442 uulgus
2580 1390 2675 1442 ap-

1595 1461 1766 1530 pellat
1802 1460 1830 1513 I
1867 1462 1952 1525 82,
1995 1463 2077 1516 15.

381 1550 685 1603 moniorum
734 1550 1031 1621 scripturae
1079 1549 1108 1602 I
1151 1549 1275 1613 412,
1327 1550 1358 1601 7
1397 1565 1466 1601 ss.
1525 1550 1858 1619 serpentium
1912 1568 2102 1620 corpus
2151 1554 2440 1620 motusque
2487 1551 2543 1604 II
2588 1552 2675 1614 25,

384 1655 481 1691 cur
508 1638 779 1707 scriptura
804 1641 994 1693 saneta
1023 1638 1166 1708 apud
1194 1638 1469 1707 sapientes

1596 1639 1682 1697 20.
1722 1656 1942 1709 serpens
1982 1641 2048 1693 cf.
2089 1640 2353 1693 diabolus.

386 1727 547 1780 huius
587 1727 791 1780 saeculi
826 1725 934 1780 fide
973 1730 1154 1779 careat
1190 1726 1217 1778 1
1254 1728 1379 1790 401,
1419 1730 1467 1781 5.
1525 1744 1714 1781 seruus
1752 1727 2016 1782 liberatus
2054 1730 2272 1798 patroni
2309 1746 2505 1783 nomen
2536 1730 2676 1784 acci-

389 1819 471 1871 15.
503 1817 721 1886 scriptis
746 1816 1072 1870 caelestibus
1105 1832 1197 1869 cur
1224 1815 1469 1869 homines

314 1952 317 1953 ⁷
380 1922 493 1958 non
540 1904 702 1957 facil-³
752 1904 975 1957 credant
1019 1903 1047 1956 I
1089 1904 1209 1967 741,
1248 1903 1297 1957 8.
1338 1906 1466 1957 scri-

383 1998 604 2064 pturam
644 2010 849 2048 sacram
890 2009 1183 2062 coarguere
1221 1994 1471 2047 nituntur

378 2090 666 2155 tamquam
703 2100 890 2138 recens
927 2084 1109 2136 fictam
1148 2082 1177 2135 I
1214 2081 1336 2147 285,
1387 2084 1467 2135 17.

1596 1818 1679 1886 pit
1717 1820 1993 1887 tamquam
2034 1817 2183 1871 filius
2220 1818 2248 1871 I
2288 1818 2410 1883 281,
2452 1820 2503 1873 3.
2533 1821 2679 1873 serui

1596 1906 1653 1960 11
1692 1907 1776 1970 76,
1816 1907 1864 1959 8.
1905 1900 2351 1977 philosophantes
2381 1907 2408 1959 1
2438 1909 2559 1971 257,
2590 1909 2677 1962 23.

1597 1996 1719 2059 258,
1773 1997 1854 2051 16.
1904 1997 2025 2059 259,
2063 1997 2113 2049 4.
2156 1996 2297 2065 apud
2339 1997 2677 2051 Christianos

1594 2083 1623 2136 1
1659 2085 1781 2147 447,
1825 2086 1924 2150 (3.)
1965 2086 2033 2139 22
2073 2102 2142 2138 ss.
2181 2084 2305 2149 448,
2349 2087 2395 2139 7.

313 2205 319 2211 ·
384 2174 725 2240 (Hierocles)
748 2174 804 2225 in
823 2172 977 2226 libris
1001 2189 1133 2241 quos
1156 2169 1470 2241 φιλαλήθεις
1528 2174 1852 2227 Seuerianus
1903 2173 2047 2227 filius
2100 2175 2287 2228 Seueri
2339 2177 2520 2228 aetate
2570 2175 2679 2228 iam

389 2264 533 2327 (410,
569 2263 658 2332 11)
694 2262 973 2331 inscripsit
1001 2261 1090 2313 ‘ad
1113 2259 1466 2315 Christianos'

385 2353 702 2421 conpositos
789 2351 941 2415 (406,
1019 2351 1074 2415 5)
1170 2348 1468 2402 falsitatem

384 2443 690 2511 scripturae
714 2484 719 2489 .
742 2456 925 2493 sacrae
975 2455 1200 2507 arguere
1247 2441 1470 2491 conatus

1597 2260 1870 2326 robustus,
1895 2264 1988 2331 qui
2006 2262 2310 2332 fugientem
2326 2264 2678 2316 Maximinum

1600 2367 1660 2403 ex
1700 2352 1812 2405 acie
1851 2354 2068 2405 secutus
2109 2355 2243 2415 erat,
2281 2351 2477 2405 Licinii
2529 2353 2679 2405 iussu

1598 2441 1957 2510 interemptus
1994 2442 2050 2494 II
2089 2442 2145 2494 M
2182 2443 2302 2505 235,
2347 2443 2428 2494 11.

389 2535 487 2597 est,
506 2536 786 2599 tamquam
809 2530 915 2583 sibi
937 2531 1081 2583 esset
1109 2531 1231 2581 tota
1260 2529 1469 2581 contra·
1529 2530 1783 2584 Seuerus:
1825 2531 1940 2583 eius
1968 2547 2143 2583 mores
2173 2530 2229 2583 11
2255 2531 2312 2583 M
2337 2532 2455 2594 194,
2487 2533 2519 2585 3
2550 2547 2618 2584 ss.
2648 2549 2679 2584 a

387 2622 469 2673 ria
502 2620 531 2673 1
560 2621 683 2682 406,
723 2620 774 2672 6.
814 2618 1112 2688 scripturae
1148 2617 1207 2669 in
1248 2616 1473 2670 ecclesia

387 2708 797 2764 Nicomediensi
833 2710 1079 2777 repertae
1108 2705 1474 2759 incenduntur

322 2843 327 2848 ,
387 2799 444 2853 II
485 2800 544 2852 M
584 2798 704 2860 186,
743 2797 830 2852 20.

316 2887 520 2957 Scytha
559 2885 889 2939 Anacharsis
926 2883 953 2936 I
992 2886 1113 2948 259,
1158 2884 1243 2937 15.

315 2980 499 3031 sectae
540 2975 609 3030 cf.
647 2975 918 3028 haereseS.

314 3082 499 3119 semen
540 3064 881 3132 (humanum)
923 3062 1064 3116 unde
1095 3065 1271 3116 ortum
1300 3061 1356 3114 11
1382 3062 1470 3125 43,

393 3154 475 3206 14.
522 3154 611 3214 44,
661 3155 711 3207 6.
764 3152 1122 3205 masculinum
1162 3153 1218 3204 et
1254 3149 1470 3203 femini-

388 3260 516 3295 num
564 3241 619 3295 II
666 3242 753 3306 43,
806 3242 888 3295 12.
936 3240 1141 3293 semina
1179 3239 1244 3293 cf.
1285 3240 1470 3293 atomi.

314 3331 575 3384 Sedeciae
613 3346 837 3398 regnum
874 3329 902 3382 I
940 3329 1061 3392 285,
1101 3330 1151 3382 6.

316 3422 539 3473 senatus
586 3420 864 3473 Romanus
910 3418 938 3471 1
988 3419 1107 3481 124,
1154 3418 1349 3474 2-16.
1404 3419 1471 3472 cf.

388 3509 682 3561 Romanus.
1417 3529 1426 3538 ·

320 3599 523 3651 Seneca
563 3597 629 3651 cf.
672 3595 946 3652 Annaeus.

312 3703 504 3740 sensus
571 3686 629 3739 in
697 3685 943 3755 qualibet
1007 3688 1160 3754 parte
1237 3685 1474 3754 corporis

387 3778 607 3844 praesto
678 3777 763 3827 est
823 3772 882 3826 11
946 3775 1032 3836 54,
1093 3775 1142 3827 2.
1202 3771 1475 3827 sentiendi

388 3865 528 3916 ratio
577 3864 634 3916 in
680 3859 901 3916 cerebro
939 3861 997 3914 II
1034 3863 1120 3926 34,
1165 3863 1245 3915 15.
1287 3879 1474 3915 sensus

386 3968 578 4006 omnes
626 3952 681 4004 in
733 3951 909 4019 capite
954 3949 1121 4004 locati
1167 3951 1223 4004 II
1261 3953 1346 4014 52,
1389 3953 1472 4006 12.

386 4058 578 4095 sensus
633 4056 764 4092 num
818 4039 1095 4094 fallantur.
1133 4041 1190 4094 II
1244 4041 1329 4104 31,
1389 4042 1472 4096 20.

390 4130 630 4199 quinque
671 4145 922 4182 sensuum
951 4130 1266 4199 uoluptates
1298 4129 1324 4181 I
1352 4132 1473 4195 555,

394 4218 662 4283 15-571,
700 4219 750 4271 9.
793 4219 912 4282 740,
955 4219 1036 4273 13.

316 4310 528 4377 septem
569 4305 635 4360 cf.
669 4310 829 4360 astra.
862 4306 991 4359 dies.
1022 4309 1173 4362 inira.
1205 4325 1473 4362 numerus

392 4398 628 4467 sapiens,

1597 2620 1922 2673 Maximiano
1990 2619 2251 2685 (Galerio)
2312 2619 2380 2672 ad
2434 2619 2678 2673 Maximi-

1600 2726 1758 2763 anum
1781 2709 2137 2778 (Herculium)
2157 2709 2369 2772 missuS,
2390 2711 2452 2761 ut
2483 2706 2681 2762 Caesar

1598 2798 1983 2862 nominaretur,
2035 2797 2167 2854 ibid.
2225 2798 2343 2861 194,
2403 2799 2452 2851 6.
2508 2797 2679 2850 Maxi-

1598 2889 1767 2941 miani
1798 2886 2044 2953 (Galerii)
2079 2904 2242 2955 opera
2271 2903 2302 2939 a
2331 2885 2678 2939 Diocletiano

1603 2976 1801 3031 Caesar
1838 2977 2164 3039 nominatur,
2202 2975 2335 3031 ibid.
2370 2975 2491 3037 194,
2521 2976 2678 3028 3-7,

1603 3067 1730 3127 195,
1816 3066 1866 3119 3.
1951 3064 2307 3117 Maximianus
2385 3063 2678 3130 (Galerius)

1600 3154 1814 3208 efficere
1865 3154 2088 3223 cogitat,
2143 3157 2204 3206 ut
2257 3154 2487 3207 Seuerus
2541 3151 2682 3207 Con-

1600 3243 1899 3296 stantinum
1956 3243 2025 3296 ad
2080 3246 2289 3311 patrem
2352 3244 2683 3295 remeantem

1598 3335 1831 3396 teneret,
1870 3332 2001 3385 ibid.
2042 3321 2163 3394 200,
2207 3332 2287 3384 17.
2323 3331 2681 3383 Maximianus

1603 3420 1898 3486 (Galerius)
1930 3420 1986 3473 id
2013 3420 2302 3487 excogitat,
2334 3422 2396 3471 ut
2424 3420 2683 3472 Seuerum

1601 3509 1908 3578 Augustum
1947 3508 2269 3570 nominaret,
2309 3507 2440 3560 ibid.
2475 3507 2594 3567 196,
2625 3508 2676 3560 9.

1602 3599 1724 3660 201,
1791 3598 1876 3651 20.
1949 3597 2179 3650 Seuerus
2255 3612 2286 3648 a
2357 3595 2680 3648 Maximiano

1604 3684 1865 3752 (Galerio)
1909 3702 2028 3738 cum
2068 3684 2304 3738 exercitu
2344 3694 2532 3736 contra
2565 3683 2681 3735 Ma-

1601 3775 1843 3827 xentium
1879 3773 2105 3826 Romam
2129 3772 2325 3825 missus
2357 3788 2387 3824 a
2415 3770 2682 3824 militibus

1603 3862 1847 3916 desertus
1902 3864 2192 3915 Rauennae
2250 3877 2306 3914 se
2347 3859 2680 3913 Maximiano

1605 3950 1905 4022 (Herculio)
1951 3950 2121 4004 tradit
2170 3950 2412 4018 morique
2453 3948 2681 4017 cogitur,

1601 4041 1733 4097 ibid.
1781 4041 1903 4104 202,
1955 4040 2215 4103 10-203,
2254 4041 2304 4092 4.
2347 4040 2393 4094 7.
2436 4038 2557 4100 204,
2599 4037 2682 4090 12.

1602 4130 1804 4182 milites
1845 4129 1936 4196 qui
1967 4144 2087 4181 eum
2114 4128 2460 4196 reliquerant,
2493 4128 2683 4195 postea

1605 4217 1748 4287 apud
1794 4217 2179 4270 Maximianum
2231 4214 2585 4282 (Herculium)
2627 4216 2683 4266 et

1601 4306 1954 4369 Maxentium,
1993 4305 2126 4359 ibid.
2157 4305 2279 4366 205,
2314 4305 2395 4357 13.
2437 4303 2557 4365 223,
2600 4302 2680 4355 10.

1603 4397 1661 4449 in
1698 4396 1813 4449 eius
1852 4395 2030 4448 locum
2068 4394 2306 4448 Licinius
2337 4392 2682 4454 substitutus,

2513 4479 2613 4532 23*
