3132 5043
1182 456 1292 510 lib
1315 474 1342 510 e
1363 475 1389 510 1·
1437 473 1479 510 c.
1519 456 1748 511 30-32.
2471 460 2604 523 209

294 647 686 712 habentibus
735 648 930 713 nulla.
980 648 1334 712 sustinendi
1381 647 1773 728 multiplices
1815 650 2157 727 cruciatus,
2198 650 2322 715 nisi
2360 652 2606 716 exhibe-

294 758 479 819 retur
542 755 759 820 statim
819 756 988 838 quod
1044 775 1163 820 non
1223 757 1376 819 erat.
1469 755 1694 819 multis
1763 757 2071 821 custodiis
2139 757 2603 840 circumsaepto
2661 762 2698 813 4

294 861 478 925 nulla
515 862 869 945 respirandi
906 863 1202 940 facultas,
1234 864 1409 926 nullo
1449 864 1733 943 tempore
1765 863 1909 926 anni
1942 865 2048 927 uel
2079 864 2304 948 exigua
2331 866 2603 948 requies,

293 967 599 1050 frequens
649 988 840 1052 super
884 968 1089 1033 isdem
1137 968 1499 1033 hominibus
1548 970 1656 1033 uel
1703 968 1859 1049 ipsis
1907 969 2230 1035 iudicibus
2279 973 2387 1036 uel
2442 973 2606 1036 mili-

231 1099 255 1135 5
295 1075 479 1139 tibus
527 1075 814 1140 iudicum
860 1096 1094 1158 pugna.
1144 1075 1319 1139 nulla
1366 1094 1511 1138 area
1550 1075 1685 1139 sine
1726 1079 2030 1154 exactore,
2071 1077 2247 1141 nulla
2284 1078 2608 1143 uindemia

297 1183 437 1246 sine
506 1183 793 1259 custode,
860 1183 1021 1246 nihil
1086 1182 1164 1245 ad
1228 1182 1474 1245 uictum
1540 1182 1977 1246 laborantibus
2043 1183 2360 1247 relictum.
2446 1203 2605 1266 quae

295 1309 690 1372 quamquam
764 1289 1189 1353 intolerabilia
1264 1289 1411 1361 sint,
1480 1288 1638 1371 eripi
1712 1289 1788 1352 ab
1859 1309 1961 1354 ore
2028 1290 2355 1353 hominum
2431 1291 2607 1354 cibos

292 1397 514 1462 labore
566 1396 888 1478 quaesitos
937 1400 1148 1459 tamen
1200 1396 1622 1460 sustentabile
1664 1396 1876 1477 aliquo
1917 1396 2103 1461 modo
2143 1397 2249 1460 uel
2288 1416 2400 1479 spe
2436 1398 2607 1461 futu·
2693 1414 2702 1425 ·

292 1524 537 1568 rorum.
634 1503 786 1585 quid
833 1503 1035 1568 uestis
1086 1504 1289 1567 omnis
1338 1503 1630 1585 generis?
1681 1503 1832 1584 quid
1879 1508 2142 1568 aurum?
2194 1504 2341 1585 quid
2394 1523 2607 1587 argen-
2663 1512 2699 1563 5

203 1632 256 1672 ιο
294 1614 487 1674 tum?
536 1629 738 1675 nonne
786 1610 942 1673 haec
989 1628 1249 1674 necesse
1291 1612 1388 1673 est
1427 1630 1497 1673 ex
1536 1609 1817 1674 uenditis
1855 1610 2171 1675 fructibus
2213 1611 2605 1693 comparari?

295 1717 471 1780 unde
536 1717 736 1801 igitur
798 1717 974 1792 haec,
1043 1736 1077 1781 o
1146 1716 1623 1781 dementissime
1690 1720 1968 1800 tyranne,
2034 1718 2390 1801 praestabo,
2462 1736 2607 1781 cum

297 1843 521 1889 omnes
580 1825 824 1888 fructus
881 1824 1152 1902 auferaS,
1210 1824 1513 1887 uniuersa
1569 1824 1893 1888 nascentia
1957 1825 2271 1889 uiolenter
2335 1824 2606 1905 eripias?

297 1931 446 2012 quis
499 1950 648 2014 ergo
697 1950 818 1995 non
865 1930 1049 1994 bonis
1100 1930 1234 1993 suis
1286 1949 1548 1994 euersus
1601 1933 1718 2008 est,
1769 1933 1843 1994 ut
1891 1950 2064 2013 opeS‚
2116 1950 2277 2013 quae
2328 1931 2446 1995 sub
2493 1930 2608 1993 im·
2664 1939 2700 1991 6

292 2038 475 2121 perio
545 2037 678 2101 eius
744 2037 1017 2115 fuerunt,
1082 2038 1568 2102 conraderentur
1623 2039 1703 2102 ad
1758 2042 2003 2116 uotum,
2066 2038 2231 2120 quod
2291 2058 2411 2102 non
2475 2041 2610 2101 erat

206 2165 258 2202 15
300 2145 784 2208 celebraturus?

394 2251 498 2314 32.
592 2251 975 2332 Nuncupato
1024 2251 1224 2334 igitur
1267 2251 1510 2316 Licinio
1558 2252 1934 2334 imperatore
1982 2252 2366 2316 Maximinus
2404 2251 2605 2315 iratus
2668 2259 2694 2310 1

296 2377 413 2422 nec
458 2358 791 2423 Caesarem
831 2378 897 2422 se
937 2378 1049 2423 nec
1088 2359 1276 2424 tertio
1316 2359 1455 2424 loco
1498 2359 1804 2423 nominari
1842 2359 2121 2424 uolebat.
2215 2359 2419 2422 mittit
2457 2378 2604 2442 ergo
2665 2366 2700 2417 2

298 2465 381 2529 ad
440 2484 585 2530 eum
648 2485 834 2549 saepe
891 2466 1350 2550 legatossorat
1407 2466 1528 2531 sibi
1586 2469 1822 2548 pareat,
1882 2466 2363 2548 dispositionem
2424 2485 2607 2530 suam

299 2575 540 2650 seruet,
601 2573 784 2637 cedat
839 2574 1031 2637 aetati
1091 2575 1154 2636 et
1208 2572 1505 2637 honorem
1568 2573 1808 2637 deferat
1864 2574 2057 2640 canis.
2153 2577 2217 2637 at
2270 2573 2379 2636 ille
2435 2573 2610 2637 tollit
2665 2584 2702 2637 3

210 2701 263 2740 20
300 2679 612 2744 audacius
663 2699 895 2744 cornua
944 2682 1008 2743 et
1052 2679 1545 2762 praescriptione
1593 2680 1896 2761 temporis
1945 2684 2217 2764 pugnat:
2269 2699 2406 2744 sese
2444 2679 2608 2761 prio-

298 2806 437 2850 rem
488 2805 629 2850 esse
677 2787 925 2864 debere,
977 2787 1086 2869 qui
1133 2787 1303 2869 prior
1351 2787 1698 2867 sumpserit
1752 2806 2124 2869 purpuram3
2192 2805 2409 2869 preces
2469 2786 2606 2850 eius

301 2895 366 2956 et
407 2893 707 2957 mandata
746 2894 1149 2976 contempsit.
1245 2894 1419 2958 dolet
1455 2894 1663 2958 bestia
1701 2896 1764 2957 et
1800 2893 2029 2977 mugit,
2073 2893 2240 2975 quod
2282 2913 2427 2957 cum
2464 2893 2605 2956 ideo
2663 2907 2720 2964 4·

297 2999 652 3083 ignobilem
698 2999 961 3065 fecisset
1008 2999 1362 3078 Caesarem,
1401 3004 1475 3064 ut
1514 3000 1638 3065 sibi
1678 3001 2032 3081 obsequens
2074 3003 2263 3078 esset,
2302 3001 2356 3063 is
2397 3002 2608 3063 tamen

300 3105 469 3170 tanti
534 3106 826 3169 beneficii
893 3107 994 3170 sui
1061 3108 1301 3171 oblitus
1359 3107 1683 3171 uoluntati
1741 3126 1810 3171 ac
1866 3107 2160 3189 precibus
2220 3107 2354 3170 suis
2415 3107 2610 3189 impie

377 3403 409 3453 2
451 3401 810 3470 circumsepto
856 3401 901 3454 Ο
1019 3403 1054 3455 4
1090 3402 1304 3455 hisdem
1351 3402 1393 3454 C
1502 3406 1533 3458 6
1576 3403 2064 3472 quae—quaesitos
2102 3402 2446 3469 Bokerellus,
2483 3403 2610 3455 item

311 3487 607 3556 GraeuiuS,
638 3490 749 3544 nisi
785 3491 934 3558 quod
972 3491 1105 3560 eripi
1137 3507 1167 3543 a
1194 3491 1347 3544 labro
1376 3492 1568 3545 scm‘bit
1592 3496 1791 3559 etpost
1822 3493 2096 3560 quaesitos
2124 3491 2405 3559 uiryulam
2425 3491 2610 3558 ponit,

306 3576 421 3641 Que
473 3595 634 3646 quam
682 3578 996 3631 tolerabilia
1044 3579 1154 3632 sint
1193 3580 1328 3648 eripi
1367 3597 1398 3633 a
1433 3580 1620 3633 labore
1659 3580 1937 3633 hominum
1979 3579 2126 3633 cibos
2164 3580 2348 3632 labore
2389 3581 2611 3648 questos

314 3666 382 3733 C;
428 3684 755 3736 quamquam
800 3666 1145 3721 intolerabile
1195 3668 1269 3721 sit
1308 3668 1443 3737 eripi
1482 3668 1547 3721 ab
1590 3685 1679 3720 ore
1719 3668 1994 3722 hominum
2036 3667 2184 3721 cibos
2222 3668 2404 3721 labore
2445 3684 2610 3737 quae-

307 3756 439 3808 sitos
470 3755 589 3809 Bal
628 3755 717 3822 (in
743 3756 999 3823 Erratis)
1012 3775 1032 3822 ;
1072 3773 1209 3825 quae
1251 3774 1369 3811 cum
1407 3757 1777 3811 intolerabilia
1806 3759 1916 3811 sint
1945 3759 2024 3812 ed.
2064 3757 2236 3812 Oaeo‘n.
2266 3761 2452 3823 1680;
2489 3757 2611 3809 alia

310 3861 398 3912 ap.
428 3844 770 3897 Bauldrium
917 3846 946 3897 7
988 3845 1067 3898 ad
1095 3863 1126 3898 a
1155 3845 1339 3899 labore
1371 3847 1477 3912 (sic
1502 3847 1586 3899 Le
1603 3847 1860 3916 Nourry)
1897 3849 2062 3900 etiam
2089 3846 2375 3898 Bentleius
2414 3845 2478 3898 ab
2521 3861 2612 3897 ore

310 3934 535 4001 ascripa
718 3935 753 3987 8
808 3933 1190 4003 sustentabile]
1251 3934 1536 3987 tolerabile
1593 3934 1726 4001 Bal,
1785 3935 2233 3988 sustentabantur
2287 3933 2612 4000 Heumann,

311 4021 693 4075 sustentabilia
720 4021 787 4074 H
787 4023 899 4075 alm
1043 4022 1341 4076 futurorum
1371 4023 1705 4076 <fructuu1n>
1738 4023 2038 4077 Cellarium
2062 4028 2278 4076 secutus
2304 4022 2615 4076 Heumann

311 4111 340 4162 9
380 4110 522 4178 quod
562 4127 750 4163 aurum
791 4111 935 4179 quod
975 4115 1260 4179 argentum
1306 4111 1364 4177 0,
1405 4127 1541 4165 corr.
1582 4112 1700 4165 Bal
1846 4113 1903 4165 11
1948 4112 2080 4164 haec
2118 4112 2383 4178 Bauldri,
2422 4112 2524 4165 hoc
2570 4110 2618 4163 Ο

315 4200 376 4252 16
420 4199 746 4252 Maximinus
784 4200 917 4264 Bal,
954 4199 1314 4252 maximianus
1359 4199 1404 4252 Ο
1581 4201 1649 4253 20
1692 4199 2173 4268 praescriptionem
2221 4198 2280 4266 0,
2319 4216 2456 4253 corr.
2494 4199 2613 4252 Bal

312 4286 376 4339 22
405 4288 705 4341 contemnit
742 4287 957 4340 Tollius
1099 4288 1249 4356 rugit
1275 4288 1527 4341 Bauldri
1673 4306 1791 4341 cum
1820 4288 2159 4354 BoherelluS,
2191 4304 2310 4341 eum
2346 4288 2415 4354 G;
2454 4304 2611 4356 quem

314 4375 436 4431 Nic.
476 4376 779 4442 Heinsius;
818 4377 963 4444 quod
1003 4393 1122 4429 eum
1164 4376 1534 4439 adeo—esset,
1578 4380 1633 4429 et
1669 4377 1715 4429 is
1754 4377 2002 4430 Bauldri
2110 4377 2177 4430 23
2217 4377 2301 4429 his
2349 4375 2393 4429 Ο
