3132 5043
475 450 598 514 XII
1333 448 1915 517 Prolegomena.

476 643 784 730 lectiones
835 663 992 725 quae
1040 643 1346 707 momenti
1395 643 1729 708 cuiusdam
1779 663 1920 709 esse
1961 645 2017 709 ei
2056 645 2457 725 uidebantur,
2501 647 2773 731 singulis

478 749 725 833 paginis
775 750 1080 813 subiecit:
1132 749 1364 831 quibus
1414 754 1624 814 tamen
1672 749 1732 814 in
1782 752 1952 815 notis
2002 770 2239 816 errores
2289 751 2546 834 quidam
2604 757 2771 817 sunt.

475 854 741 920 Addidit
802 858 888 920 Le
907 856 1156 939 Nourry
1230 856 1420 921 etiam
1485 856 1842 940 ‘Specimen
1907 858 2330 942 Manuscn'pti
2405 857 2777 923 Colbertini'

477 965 609 1026 arte
672 963 1194 1046 chalcographica
1252 964 1515 1041 factum,
1562 964 1864 1028 maiorem
1923 968 2165 1046 partem
2222 965 2459 1046 primae
2505 965 2772 1049 paginae

477 1068 824 1145 continens,
874 1088 998 1151 quo
1058 1088 1257 1155 genus
1316 1069 1573 1151 quidem
1632 1066 1979 1152 scripturae
2037 1073 2221 1152 quale
2268 1072 2335 1134 in
2386 1071 2603 1136 codice
2652 1076 2769 1148 est,

478 1177 634 1240 satis
694 1179 981 1241 accurate
1038 1176 1342 1251 redditur,
1393 1176 1505 1241 sed
1559 1177 1623 1240 in
1683 1177 1843 1242 locis
1891 1178 2020 1242 illis
2067 1178 2129 1241 in
2181 1178 2412 1260 quibus
2464 1179 2774 1260 scriptura

478 1284 580 1347 uel
629 1283 870 1348 incerta
916 1286 1016 1348 est
1056 1284 1162 1368 uel
1203 1284 1494 1361 extincta,
1532 1286 1774 1349 multae
1813 1285 2010 1349 falsae
2049 1285 2300 1349 litterae
2337 1285 2584 1368 positae
2624 1289 2774 1350 sunt

475 1409 680 1472 neque
739 1390 1017 1455 ambitus
1073 1392 1443 1456 lacunarum
1499 1395 1670 1456 recte
1729 1395 1878 1456 sunt
1938 1390 2198 1455 definiti.
2265 1392 2403 1455 Hoc
2453 1391 2770 1474 specimen

477 1498 562 1561 Le
584 1497 834 1581 Nourry
882 1498 1040 1581 ipse,
1088 1498 1386 1581 Apparat.
1437 1497 1515 1562 ad
1552 1497 1936 1562 Bibliothec.
1976 1498 2228 1563 maxim.
2269 1501 2468 1562 ueter.
2507 1498 2770 1562 Patrum

477 1604 605 1668 1101.
655 1604 717 1667 II
766 1602 998 1691 (1715)
1046 1624 1108 1687 p.
1154 1606 1344 1681 1641,
1392 1605 1662 1688 Lenglet
1709 1607 1774 1668 et
1817 1605 2224 1668 Buenemann
2272 1604 2333 1667 in
2386 1603 2770 1668 editionibus

478 1710 612 1774 suis
677 1710 1083 1793 repetierunt.
1133 1747 1217 1757 —
1266 1710 1509 1775 Deinde
1576 1730 1648 1776 ea
1709 1730 1868 1792 quae
1923 1711 2223 1775 Baluzius
2291 1713 2356 1774 et
2416 1711 2503 1774 Le
2522 1710 2772 1793 Nourry

479 1835 548 1880 ex
598 1816 812 1881 codice
858 1820 1335 1900 proposuerant,
1386 1817 1487 1881 uir
1524 1816 1749 1882 doctus
1800 1836 2148 1901 anonymus
2187 1817 2253 1881 in
2291 1816 2622 1881 annalibus
2663 1816 2769 1897 qui

476 1922 765 2006 inscripti
824 1926 974 1988 sunt
1029 1924 1477 1988 Miscellaneae
1536 1924 2016 1989 obseruationes
2072 1925 2134 1987 in
2184 1926 2472 1988 auctores
2520 1925 2771 1987 ueteres

478 2032 542 2093 et
588 2029 991 2108 recentioreS,
1043 2032 1170 2097 uol.
1221 2030 1310 2093 IV
1357 2028 1885 2116 (Amstelaedami
1936 2030 2137 2116 1734)
2184 2052 2244 2113 p.
2291 2031 2575 2108 31-69‚
2637 2034 2767 2092 tam

482 2135 822 2220 diligenter
869 2137 1041 2202 auxit
1087 2137 1581 2220 compleuitque,
1630 2140 1705 2201 ut
1769 2157 1842 2202 ea
1906 2137 2201 2215 conlatio,
2251 2156 2396 2202 cum
2461 2154 2775 2220 perpauca

479 2262 677 2325 eaque
733 2243 975 2309 leuiora
1030 2245 1136 2308 uel
1196 2243 1431 2309 omissa
1485 2246 1593 2309 uel
1649 2263 1769 2309 non
1825 2248 1996 2309 recte
2053 2244 2331 2308 indicata
2379 2244 2524 2322 sint,
2573 2261 2768 2324 paene

475 2352 725 2415 nostrae
783 2351 1010 2416 aetatis
1066 2350 1420 2416 rationibus
1479 2351 1844 2417 satisfacere
1894 2352 1981 2416 sit
2026 2351 2309 2416 dicenda.
2373 2352 2512 2415 Hae
2559 2353 2768 2414 tamen

473 2456 692 2539 copiae
742 2477 776 2521 a
822 2457 1283 2543 posterioribus
1330 2457 1486 2524 uiris
1538 2458 1764 2539 doctis,
1815 2458 1951 2525 siue
1998 2460 2249 2541 praesto
2297 2457 2375 2521 iis
2423 2477 2544 2523 non
2594 2458 2773 2520 erant

474 2563 612 2629 siue
670 2584 891 2647 parum
950 2566 1095 2631 fidei
1149 2567 1379 2631 habere
1436 2567 1839 2644 uidebantur,
1889 2568 2091 2632 multo
2151 2566 2360 2630 minus
2422 2584 2613 2646 quam
2658 2583 2770 2646 par

476 2674 609 2735 erat
654 2671 716 2734 in
765 2691 954 2737 usum
1002 2676 1269 2738 uocatae
1319 2676 1487 2739 sunt.
1546 2674 1880 2739 Proximus
1930 2674 2038 2755 qui
2086 2673 2371 2737 codicem
2416 2672 2629 2754 ipsum
2676 2671 2767 2734 in-

476 2776 697 2858 spexit,
746 2778 1052 2843 Nicolaus
1090 2780 1378 2862 Lenglet,
1428 2779 1595 2843 notis
1647 2779 1943 2843 editionis
1995 2798 2146 2843 suae
2183 2778 2498 2842 Lactantii
2539 2775 2764 2860 (Paris.

481 2883 672 2961 1748,
731 2885 857 2948 uol.
915 2884 1005 2966 11)
1071 2885 1308 2949 multas
1374 2885 1550 2949 illius
1618 2885 1922 2951 lectiones
1987 2885 2335 2961 inmiscuit,
2403 2883 2515 2948 sed
2577 2882 2765 2947 nimis

477 3009 663 3072 saepe
709 2990 870 3054 falsa
916 2990 1178 3055 tradidit
1225 3010 1295 3055 ex
1342 2992 1461 3055 hac
1510 2992 1787 3056 editione
1836 2991 2059 3056 deinde
2097 2991 2160 3055 in
2197 2991 2580 3074 posteriores
2627 3007 2766 3072 pro-

474 3099 736 3180 pagata:
785 3097 904 3161 hoc
942 3096 1068 3161 iam
1107 3098 1356 3162 monuit
1394 3097 1656 3163 Carolus
1696 3099 1909 3176 Halm,
1950 3096 2052 3161 Zu
2088 3096 2460 3162 Lactantius
2496 3097 2570 3160 de
2606 3115 2764 3159 mor-

476 3305 641 3359 uerba
676 3300 780 3373 per
827 3322 1011 3360 omnes
1054 3306 1222 3360 horas
1266 3308 1568 3360 necessaria
1615 3313 1711 3361 aut
1762 3308 1924 3361 ctiam
1973 3315 2101 3376 apta
2146 3311 2287 3369 sunt,
2325 3321 2520 3375 neque,
2560 3305 2605 3357 si
2645 3303 2764 3373 quis

474 3397 635 3462 putat
673 3400 791 3448 tota
831 3394 919 3448 dic
954 3395 1257 3462 significare
1296 3396 1508 3459 cotidie,
1539 3398 1585 3449 is
1615 3413 1742 3449 usus
1772 3397 1983 3449 numeri
2012 3395 2303 3464 singularis
2334 3393 2592 3448 adiectiui
2622 3398 2767 3446 totus

474 3483 631 3536 initio
672 3484 851 3551 quarti
889 3501 940 3553 p.
974 3483 1094 3537 Chr.
1125 3501 1176 3536 n.
1215 3485 1418 3538 saeculi
1457 3485 1686 3539 attribui
1723 3488 1920 3555 potest.
1959 3484 2184 3539 Accedit
2223 3482 2367 3553 quod
2403 3499 2510 3535 non
2548 3481 2761 3549 fundis.

476 3570 572 3622 sed
607 3572 886 3638 scindebas
922 3573 1242 3641 postulatur.
1302 3573 1494 3642 Itaque
1532 3574 1809 3628 Baluzium
1860 3579 1922 3627 ut
1967 3574 2022 3627 in
2059 3574 2193 3626 locis
2233 3588 2394 3640 supra
2431 3570 2647 3634 adlatis,
2685 3570 2764 3623 ita

475 3661 577 3713 hoc
616 3676 829 3729 quoque
868 3661 923 3713 in
960 3662 1078 3714 loco
1118 3662 1403 3715 scribendo
1443 3662 1805 3716 coniecturam
1843 3664 2025 3732 potius
2063 3679 2214 3715 suam
2254 3677 2414 3729 quam
2443 3660 2763 3728 scripturam

477 3748 695 3812 codicis,
736 3766 896 3818 quam
935 3750 1150 3802 omnino
1188 3767 1297 3803 non
1337 3751 1677 3820 conspexisse
1714 3750 1946 3814 uidetur,
1985 3754 2231 3806 secutum
2270 3766 2386 3803 esse
2425 3748 2763 3802 arbitramur.

477 3838 626 3904 Quae
662 3838 755 3891 ille
793 3838 896 3892 hoc
932 3839 989 3891 in
1027 3838 1143 3891 1060
1182 3840 1381 3908 posuit,
1413 3840 1667 3907 quoniam
1707 3841 1978 3892 sententia
2015 3857 2197 3894 eorum
2235 3839 2517 3909 aptissima
2555 3842 2655 3898 est,
2696 3837 2764 3890 ad

477 3928 790 3997 explendam
836 3928 1085 3980 lacunam
1137 3928 1451 3996 recepimus,
1499 3927 1595 3981 sed
1641 3928 1721 3981 ita
1765 3932 1993 3991 mutata,
2041 3932 2104 3981 ut
2147 3946 2243 3997 pro
2290 3927 2471 3982 uerbis
2509 3932 2626 3980 tota
2678 3926 2766 3980 die

462 4019 671 4086 fundis
715 4017 1067 4071 scriberemus
1113 4017 1314 4071 cotidie
1354 4017 1666 4084 fundebas;
1726 4034 1910 4071 uocem
1970 4021 2382 4084 ceterorumque,
2433 4032 2570 4085 quae
2625 4014 2763 4067 nihil

476 4101 789 4160 offensionis
834 4107 889 4159 in
937 4123 993 4159 se
1039 4106 1222 4168 habet,
1270 4107 1605 4159 retinuimus.
1662 4106 1827 4168 Haec,
1877 4122 2201 4174 quamquam
2247 4121 2345 4156 nos
2398 4105 2761 4156 existimamus

478 4197 709 4250 fortasse
767 4195 926 4266 plane
983 4196 1090 4249 alia
1136 4196 1190 4248 in
1239 4195 1420 4249 codice
1468 4196 1671 4265 scripta
1715 4195 1900 4258 fuisse,
1948 4210 2223 4263 speramus
2270 4192 2597 4246 admissuros
2645 4207 2762 4244 csse

477 4286 641 4339 etiam
689 4285 735 4337 si
783 4285 875 4353 qui
922 4284 1233 4338 credibilius
1280 4301 1396 4338 esse
1443 4285 1716 4353 putabunt
1759 4284 1853 4337 illo
1906 4284 1961 4335 in
2010 4283 2129 4336 loco
2176 4281 2490 4351 apparuisse
2537 4280 2760 4333 Baluzio

474 4374 712 4442 uestigia
750 4372 1012 4442 quaedam
1048 4373 1369 4428 litterarum.
