3132 5043
893 471 1304 523 rerumque
1361 455 2069 523 grammaticarum.

379 650 496 715 114,
509 651 574 704 23
598 650 671 704 al.
694 650 908 703 interna
928 650 954 703 I
976 649 1159 711 586,7.
1185 648 1316 701 deus
1336 648 1452 717 ipse

376 739 754 807 intellegentia
793 742 877 791 est
904 738 959 792 11
990 740 1038 801 7,
1071 739 1153 791 16.
1185 737 1454 806 sapientia

379 830 462 879 est
521 827 905 895 intellegentia
966 825 1056 880 uel
1121 826 1189 878 ad
1251 825 1452 878 bonum

378 919 689 984 rectumque
752 914 1058 969 faciendum
1125 913 1213 966 uel
1278 913 1346 966 ad
1368 953 1380 965 .
1405 954 1448 967 ..

374 1004 402 1056 Ι
435 1005 559 1068 458,
593 1006 639 1061 1.
668 1004 1051 1073 intellegentia
1078 1003 1208 1056 boni
1239 1004 1294 1055 et
1322 1002 1452 1055 mali

374 1094 401 1146 I
441 1094 559 1158 158,
602 1096 649 1147 7.
691 1094 822 1148 recti
862 1094 889 1146 Ι
924 1094 1046 1157 440,
1083 1094 1129 1145 1.

306 1182 646 1251 intellegere:
687 1182 882 1251 quibus
922 1183 986 1236 de
1028 1186 1117 1247 (=
1158 1186 1242 1247 ex)
1290 1180 1449 1234 rebus

2529 459 2657 521 463

1586 649 1761 701 alicui
1796 649 1879 701 rei
1914 649 1939 699 1
1983 649 2065 711 11,
2104 650 2153 703 6.
2185 649 2305 711 500,
2336 650 2386 701 9.
2414 649 2657 702 intentus

1584 736 1651 789 ad
1702 737 1924 805 aliquid
1967 737 1993 790 I
2038 737 2162 800 493,
2214 738 2297 792 13.
2348 738 2430 790 19.
2479 737 2535 790 11
2574 739 2659 802 52,

1582 825 1668 879 23.
1716 826 1771 878 in
1823 843 1987 879 unum
2032 824 2088 878 II
2135 826 2192 878 M
2242 827 2360 889 194,
2413 826 2497 879 22.
2551 826 2657 878 alio

1582 915 1826 968 intentus
1877 916 1905 969 Ι
1956 916 2078 978 271,
2135 916 2216 968 12.
2269 914 2549 968 intendere
2591 940 2657 959 =

1581 1004 1744 1057 uelle:
1774 1004 1934 1058 redeo
1965 1004 2033 1057 ad
2060 1004 2117 1057 id
2147 1003 2291 1073 quod
2319 1002 2658 1057 intenderam

1579 1093 1607 1146 I
1670 1094 1794 1157 449,
1860 1094 1943 1147 12.
2011 1094 2155 1147 sicut
2217 1092 2549 1147 intendimus
2604 1093 2660 1145 II

1584 1183 1702 1236 125.
1743 1181 1791 1236 8.

373 1272 623 1340 intellegi
662 1272 823 1325 datur
858 1288 1004 1339 sequ.
1046 1286 1157 1325 acc.
1198 1286 1240 1324 c.
1278 1270 1383 1337 inf.
1422 1269 1451 1322 Ι
1505 1271 1859 1325 intentabant
1920 1289 2017 1341 pro
2079 1272 2296 1325 crimine
2362 1271 2419 1324 id
2482 1272 2658 1340 ipsum

375 1362 457 1423 72,
524 1363 569 1414 1.
627 1360 949 1430 intellegere
1007 1359 1151 1429 quod
1208 1376 1250 1413 c.
1308 1361 1447 1413 coni.

374 1452 498 1517 (pro
539 1466 650 1504 acc,
694 1466 736 1502 c.
775 1451 908 1517 inf.)
938 1449 964 1502 I
995 1451 1079 1513 60,
1118 1451 1168 1501 4.
1211 1450 1331 1511 100,
1362 1450 1446 1503 24.

374 1540 523 1606 [item
564 1540 689 1607 quia
726 1539 752 1592 I
791 1540 911 1602 596,
951 1540 1025 1607 2.]

304 1627 686 1696 intempestiue
723 1628 751 1681 I
785 1629 910 1690 425,
954 1629 1035 1681 17.

300 1716 716 1786 intempestiuus
754 1717 782 1770 I
818 1717 904 1781 83,
946 1719 994 1771 9.
1033 1717 1089 1770 ΙΙ
1130 1718 1248 1780 115,
1293 1717 1374 1769 12.

303 1805 627 1874 intempesta
672 1809 831 1860 nocte
879 1807 907 1859 Ι
953 1806 1072 1867 237,
1124 1808 1172 1859 9.
1222 1807 1344 1870 644,
1397 1806 1445 1859 9.

372 1894 494 1957 758,
534 1896 620 1949 21.
659 1895 716 1948 11
753 1895 810 1947 M
848 1896 968 1956 207,
1013 1896 1095 1949 15.

300 1982 609 2037 intendere:
654 1984 806 2037 nerui
853 1985 990 2037 bene
1028 1984 1226 2037 intenti
1265 1983 1321 2036 II
1359 1985 1444 2045 54,

372 2072 453 2126 16.
479 2089 663 2125 omnes
689 2073 930 2126 fallacias
956 2073 1025 2126 ad
1047 2073 1269 2141 aliquid
1285 2072 1311 2124 Ι
1328 2072 1445 2136 158,

369 2163 415 2215 9.
448 2161 690 2215 intentus
722 2177 811 2214 aer
840 2179 959 2215 cum
991 2164 1104 2215 acie
1126 2161 1180 2214 11
1202 2162 1285 2223 30,
1308 2163 1340 2214 6
1365 2162 1448 2227 (in

368 2251 706 2318 explicanda
724 2253 948 2305 ratione
965 2251 1159 2305 Stoica
1186 2250 1448 2304 uidendi:

370 2365 438 2384 =
479 2357 576 2393 aer
613 2341 709 2408 qui
745 2341 889 2393 inter
925 2341 1114 2394 oculos
1152 2346 1203 2393 et
1237 2357 1324 2394 res
1352 2346 1443 2403 est,

368 2445 689 2496 conpressus
724 2430 796 2483 iis
831 2416 996 2483 ‘rebus
1028 2429 1164 2497 ipsis
1202 2435 1252 2483 et
1289 2429 1444 2482 emis-

365 2517 520 2572 sione
569 2525 660 2572 τοῦ
718 2516 958 2589 ὁρατικοῦ
1015 2516 1306 2589 πνεύματος
1357 2518 1448 2572 uel

366 2613 457 2659 τοῦ
495 2606 836 2678 ἡγεμονικοῦ;
870 2608 998 2662 item
1034 2609 1266 2661 intentio
1306 2608 1445 2661 aeris

368 2712 489 2749 cum
546 2697 662 2750 acie
716 2697 878 2751 Lact.
943 2699 1021 2751 ΙΙ
1081 2701 1176 2760 30,
1248 2701 1307 2760 4;
1375 2697 1443 2764 cf.

361 2783 594 2853 [PlutJ
631 2785 784 2852 plac.
821 2785 965 2852 phil.
1014 2786 1113 2838 IV
1155 2789 1242 2839 15.
1291 2785 1442 2839 Stob.

365 2874 458 2926 ecl.
489 2873 533 2925 I
560 2876 650 2936 53,
681 2889 747 2927 ex
772 2873 935 2926 Ae'tio
959 2875 1000 2944 [
995 2875 1168 2939 Diels,
1197 2876 1443 2944 Doxqqr.

1580 1359 1724 1427 quod
1769 1361 1797 1413 Ι
1845 1361 1966 1426 717,
2007 1362 2090 1414 25.
2131 1361 2411 1413 intentata
2446 1378 2591 1413 mors
2631 1362 2657 1415 1

1579 1449 1700 1512 371,
1732 1451 1812 1502 16.
1846 1466 2036 1502 manus
2066 1450 2119 1502 in
2152 1449 2309 1503 deum
2341 1450 2523 1515 (cona,
2555 1449 2653 1502 deo

1578 1539 1717 1605 cod.)
1756 1538 1811 1591 II
1847 1539 1904 1591 M
1944 1539 2062 1601 178,
2106 1540 2186 1592 11.

1504 1627 1741 1679 intentio
1781 1643 2069 1680 neruorum
2118 1627 2146 1680 I
2191 1628 2315 1694 627,
2356 1628 2438 1680 11.
2478 1627 2531 1680 ΙΙ
2570 1629 2655 1689 54,

1576 1717 1627 1769 9.
1676 1717 1874 1769 mentis
1921 1716 1949 1768 Ι
1995 1717 2080 1782 28,
2128 1716 2176 1772 8.
2228 1717 2315 1780 32,
2355 1720 2404 1771 5.
2443 1716 2529 1780 58,
2572 1717 2655 1770 13.

1575 1806 1694 1859 sim.
1745 1806 1802 1858 II
1850 1806 1937 1861 31.
1986 1804 2071 1857 24.
2111 1806 2250 1858 aeris
2291 1821 2410 1857 cum
2451 1805 2563 1858 acie
2600 1804 2657 1857 ΙΙ

1576 1894 1663 1956 30,
1693 1893 1727 1943 4
1770 1896 1861 1961 (cf.
1902 1892 2225 1959 intendere).

1502 1983 1648 2037 inter
1694 2001 1751 2036 se
1800 1984 2033 2036 inuicem
2073 1983 2099 2036 1
2136 1985 2260 2048 477,
2299 1985 2349 2036 4.
2390 2000 2653 2035 summum

1575 2073 1720 2124 inter
1752 2089 1807 2125 se
1838 2072 2114 2124 hominum
2148 2072 2423 2124 uinculum
2445 2076 2529 2125 est
2556 2073 2655 2124 hu-

1574 2163 1808 2215 manitas
1858 2162 1884 2213 1
1931 2162 2050 2224 514,
2104 2163 2185 2216 19.
2237 2177 2373 2229 quae
2422 2161 2653 2213 societas

1577 2254 1737 2311 esset,
1799 2267 1935 2319 quae
2001 2250 2308 2303 reuerentia
2373 2250 2516 2302 inter
2578 2266 2651 2311 se,

1577 2340 1697 2407 quis
1737 2337 1866 2391 ordo
1898 2338 1924 2390 ’ἓ
1963 2337 2019 2390 11
2062 2338 2142 2400 18,
2184 2340 2231 2391 9.

1501 2427 1837 2481 intercedere
1901 2426 1956 2479 II
2022 2428 2106 2489 34,
2168 2428 2249 2480 19.
2315 2443 2383 2479 ne
2449 2427 2476 2479 Ι
2530 2425 2652 2492 398,

1579 2517 1659 2570 18.

1505 2607 1846 2674 [intercessio
1885 2606 1942 2658 II
1979 2606 2032 2657 M
2070 2606 2191 2670 232,
2234 2608 2281 2659 7.
2321 2606 2445 2672 233,
2484 2607 2558 2672 3.]

1500 2695 1783 2748 intercidit
1800 2692 2108 2748 hominibus
2129 2696 2483 2748 communitas
2503 2695 2651 2747 uitae

1574 2785 1601 2837 Ι
1637 2785 1762 2847 416,
1806 2785 1887 2837 14.

1502 2873 1823 2926 intercidere
1861 2874 1889 2926 Ι
1924 2874 2046 2936 486,
2087 2875 2135 2928 3.

361 2979 442 3030 9ν.
479 2979 540 3030 p.
594 2962 774 3032 406J:
819 2960 1122 3032 Χρύσιππος
1169 2967 1304 3016 κατὰ
1349 2965 1444 3034 τὴν
1502 2961 1824 3031 intercipere
1862 2962 1890 3014 Ι
1925 2964 2049 3025 415,
2092 2964 2139 3016 7.
2179 2964 2300 3025 591,
2343 2963 2424 3015 12.

365 3049 664 3102 συνέντασιν
719 3056 811 3102 τοῦ
869 3051 1060 3120 μεταξὺ
1114 3051 1268 3122 ἀέρος
1319 3051 1444 3123 ὁρᾶν
1502 3050 1823 3104 interdicere
1872 3052 2094 3120 aliquid
2138 3052 2163 3104 I
2215 3053 2332 3114 146,
2381 3053 2430 3104 5.
2481 3053 2652 3104 alicui

360 3138 506 3209 ἡμᾶς
545 3138 785 3209 νυγέντος
825 3141 917 3210 μὲν
949 3139 1043 3191 ὑπὸ
1075 3147 1165 3192 τοῦ
1205 3140 1443 3210 ὁρατικοῦ

362 3227 672 3297 πνεύματος,
703 3228 827 3297 ὅπερ
868 3227 967 3280 ἀπὸ
1006 3235 1094 3280 τοῦ
1133 3227 1444 3299 ἡγεμονικοῦ

364 3317 515 3387 μέχρι
543 3323 640 3386 τῆς
668 3316 833 3388 κόρης
865 3315 1442 3387 δι·ἡκειερε.;Β·ναπάἰ,

1576 3140 1774 3207 aliqua
1808 3157 1868 3193 re
1903 3141 1931 3193 Ι
1971 3142 2090 3202 146,
2131 3143 2162 3195 3
2199 3141 2337 3211 (igni
2377 3144 2432 3194 et
2472 3147 2649 3209 aqua).

1574 3230 1695 3291 525,
1736 3231 1785 3284 7.
1826 3231 1946 3293 719,
1985 3230 2055 3282 20
2103 3230 2283 3296 (terris
2330 3230 2479 3294 suis).
2518 3246 2585 3282 ne
2624 3230 2650 3281 I

1574 3319 1697 3383 348,
1740 3318 1822 3373 13.

363 3405 579 3458 Annal.
609 3405 751 3473 phil.
790 3407 947 3468 1891,
988 3422 1047 3472 p.
1087 3408 1209 3458 252
1243 3410 1335 3470 88.)
1379 3436 1440 3443 —
1501 3405 1815 3459 interdictio
1885 3407 2125 3460 alicuius
2188 3408 2270 3460 rei
2323 3407 2350 3459 I
2407 3408 2528 3468 348,
2596 3409 2645 3460 4.

362 3493 648 3547 intendere
695 3494 932 3548 animum
978 3495 1032 3547 ΙΙ
1069 3496 1154 3558 32,
1196 3496 1242 3547 7.
1285 3495 1352 3548 ad
1392 3495 1445 3547 II

1572 3495 1692 3557 601,
1733 3496 1781 3549 3.

363 3582 420 3634 Μ
476 3584 598 3645 196,
654 3584 738 3636 15.
791 3583 914 3644 200,
967 3584 1013 3636 3.
1070 3583 1248 3636 alicui
1298 3584 1381 3636 rei
1416 3584 1442 3636 I
1500 3583 1770 3636 interdum
1827 3584 1854 3636 I
1915 3585 1996 3646 17,
2058 3585 2102 3636 1.
2156 3585 2241 3648 29,
2299 3584 2382 3638 10.
2437 3584 2521 3648 78,
2566 3584 2646 3638 19.

365 3672 487 3736 284,
532 3672 614 3725 18.
654 3688 751 3740 per
788 3688 879 3726 eos
919 3670 1073 3724 orbes
1122 3672 1439 3742 (oculorum)

362 3778 513 3814 mens
562 3777 618 3814 se
665 3762 838 3829 ipsam
887 3759 1126 3814 intendit
1161 3765 1222 3813 ut
1258 3760 1443 3813 uideat

1570 3673 1694 3733 439,
1740 3672 1820 3726 18.
1861 3670 1917 3724 ΙΙ
1962 3672 2041 3736 11,
2085 3673 2166 3728 13.
2214 3671 2643 3725 interdum—in-

1572 3760 1784 3814 terdum
1822 3760 1849 3812 Ι
1887 3760 2007 3823 678,
2047 3760 2132 3814 22.

365 3850 422 3903 Π
459 3851 544 3914 31,
587 3852 654 3905 16
692 3851 784 3920 (cf.
823 3849 1053 3903 Brandt
1091 3851 1125 3903 l.
1166 3852 1250 3917 c.).
1292 3866 1441 3903 mens
1498 3850 1873 3917 interemptrix
1910 3849 1937 3901 Ι
1974 3851 2059 3913 35,
2105 3850 2184 3902 11.

363 3940 579 3992 intenta
615 3956 712 4008 per
750 3955 962 3992 omnem
988 3955 1165 3992 rerum
1193 3943 1444 3993 naturam
1497 3940 1730 3992 interest
1767 3939 1794 3991 Ι
1836 3938 1953 4001 196,
1993 3939 2042 3994 3.
2093 3937 2214 4002 390,
2263 3939 2348 3991 21.
2397 3938 2646 3992 interfuit

364 4028 423 4081 ΙῙ
458 4029 545 4091 97,
580 4028 662 4081 16.
692 4029 812 4083 sim.
844 4027 900 4080 11
927 4028 1014 4089 53,
1049 4030 1129 4081 11.
1160 4029 1441 4082 intendere

1572 4044 1613 4081 c.
1657 4044 1766 4082 acc.
1809 4044 1850 4082 c.
1889 4027 1995 4093 inf.
2033 4027 2059 4080 Ι
2101 4028 2219 4089 142,
2262 4029 2310 4082 5.

367 4118 548 4171 oculos
588 4117 643 4169 in
684 4118 888 4170 caelum
928 4117 956 4169 Ι
994 4119 1115 4181 507,
1156 4118 1240 4174 20.
1290 4135 1441 4171 mens
1499 4117 1816 4171 interfector
1862 4118 1886 4169 Ι
1933 4117 2059 4181 468,
2107 4117 2157 4169 8.
2213 4117 2332 4178 742,
2387 4116 2467 4172 13.
2528 4117 2643 4170 ani-

365 4207 576 4260 intenta
626 4209 711 4259 est
747 4206 803 4258 in
844 4223 908 4260 ea
944 4207 999 4260 11
1038 4208 1123 4273 58,
1166 4208 1249 4261 16.
1287 4208 1345 4260 in
1384 4208 1440 4260 id

364 4296 537 4364 ipsum
568 4295 596 4347 Ι
616 4295 737 4356 276,
764 4295 845 4347 10.
869 4325 934 4332 -
965 4295 1245 4348 intendere
1269 4295 1443 4348 alicui

1568 4223 1774 4259 marum
1827 4207 1854 4259 I
1907 4207 2030 4269 422,
2090 4208 2118 4259 7
2179 4208 2270 4270 (=
2326 4204 2643 4270 hominum).

1568 4296 1691 4358 461,
1734 4296 1799 4349 13
1837 4294 1927 4364 (=
1968 4295 2304 4359 animorum).

363 4387 442 4439 rei
489 4385 518 4438 I
569 4384 690 4448 670,
749 4383 830 4436 18.
884 4386 1004 4449 671,
1056 4387 1142 4440 24.
1197 4386 1438 4438 intentus
1497 4385 1797 4438 interficere
1850 4383 2054 4437 animas
2106 4383 2382 4436 hominum
2439 4384 2465 4437 I
2522 4386 2642 4449 557,
