3132 5043
544 487 675 551 204
1078 483 1178 536 De
1234 483 1624 536 mortibus
1683 486 2287 551 persecutorum

542 678 968 760 proficiscitur
1014 678 1077 741 in
1127 675 1420 754 Galliam,
1469 680 1544 741 ut
1593 677 2079 742 Constantinum
2123 678 2411 760 partibus
2462 678 2597 742 suis
2639 679 2834 742 conci-

542 785 727 849 liaret
775 804 926 849 suae
973 785 1233 849 minoris
1280 785 1447 849 filiae
1493 785 1757 867 nuptiiS.
1849 785 1959 848 ille
2006 786 2245 849 interea
2292 788 2510 850 coacto
2566 786 2835 850 exercitu

541 891 791 956 inuadit
834 890 1107 968 Italiam,
1156 890 1233 954 ad
1280 891 1499 954 urbem
1552 889 1800 953 accedit
1847 892 2141 954 senatum
2191 890 2606 969 extincturus,
2644 911 2836 973 popu-

540 998 679 1062 lum
742 997 1205 1063 trucidaturus:
1272 1017 1498 1061 uerum
1562 998 1780 1060 clausa
1846 1002 1910 1060 et
1972 997 2219 1061 munita
2285 998 2496 1061 omnia
2560 999 2835 1063 offendit.

544 1105 720 1169 nulla
780 1107 915 1168 erat
972 1123 1117 1187 spes
1172 1103 1595 1186 inrumpendi,
1646 1103 2037 1187 oppugnatio
2096 1104 2399 1181 difficilis,
2451 1105 2528 1169 ad
2576 1105 2837 1169 circum·
2896 1128 2923 1166 ⁶

545 1212 821 1277 sedenda
882 1211 1133 1275 moenia
1195 1231 1319 1275 non
1390 1211 1546 1276 satis
1616 1211 1969 1292 copiarum:
2040 1211 2272 1294 quippe
2331 1211 2439 1293 qui
2498 1231 2839 1294 numquam

543 1319 793 1383 uiderat
836 1319 1106 1383 Romam
1154 1318 1650 1399 aestimaretque
1697 1317 1873 1381 illam
1922 1336 2043 1381 non
2093 1320 2297 1382 multo
2348 1336 2490 1382 esse
2541 1319 2840 1383 maiorem

548 1445 737 1508 quam
793 1445 950 1507 quas
1006 1427 1269 1489 nouerat
1326 1425 1646 1489 ciuitates,
1757 1428 1910 1489 tunc
1969 1425 2276 1506 quaedam
2329 1425 2616 1509 legiones
2675 1425 2842 1489 dete-

548 1535 789 1597 stantes
847 1533 1082 1610 sceluS,
1133 1531 1301 1613 quod
1359 1551 1537 1597 socer
1595 1551 1898 1615 generum
1956 1533 2352 1615 oppugnaret
2398 1534 2463 1595 et
2510 1532 2680 1614 quod
2724 1532 2842 1596 Ro-

546 1639 718 1703 mani
771 1639 1012 1707 milites
1068 1639 1355 1715 Romam,
1405 1638 1728 1702 translatis
1787 1638 1989 1721 signis
2048 1638 2387 1720 imperium
2431 1638 2840 1721 reliquerunt.
2880 1663 2926 1702 ιο

548 1748 612 1809 et
655 1746 782 1809 iam
832 1745 1023 1808 ceteri
1068 1744 1307 1808 milites
1355 1746 1684 1821 nutabant,
1725 1764 1871 1809 cum
1909 1745 2017 1808 ille
2056 1745 2256 1809 fracta
2295 1745 2590 1828 superbia
2627 1745 2843 1809 dimis-

548 1853 763 1933 sisque
819 1851 1046 1916 animis
1105 1851 1323 1916 Seueri
1379 1851 1619 1915 exitum
1665 1855 1958 1916 metuens
2008 1852 2087 1915 ad
2133 1852 2326 1935 pedes
2376 1852 2656 1916 militum
2701 1872 2841 1935 pro-

459 2016 467 2025 .
508 1959 811 2024 ..uolutus
852 1959 1069 2024 orabat
1107 1977 1183 2022 ne
1221 1958 1393 2023 hosti
1425 1958 1431 2043 j
1466 1958 1840 2037 traderetur,
1873 1959 2069 2023 donec
2107 1958 2443 2041 promissis
2479 1959 2844 2042 ingentibus

546 2066 720 2129 flexit
778 2065 1020 2130 animos
1081 2085 1299 2131 eorum
1355 2068 1420 2129 et
1464 2068 1630 2130 retro
1681 2066 1862 2150 signa
1909 2065 2224 2130 conuertit
2268 2085 2339 2129 ac
2387 2065 2607 2149 fugam
2654 2065 2845 2148 trepi-

550 2172 669 2236 dus
720 2171 1087 2254 capessiuit,
1137 2173 1200 2236 in
1251 2192 1372 2253 qua
1420 2172 1695 2254 opprimi
1732 2172 2034 2237 facillime
2072 2171 2303 2253 potuit,
2345 2172 2400 2236 si
2438 2191 2584 2236 cum
2622 2172 2842 2253 paucis
2882 2198 2926 2238 ιε

548 2278 865 2361 quispiam
926 2281 1314 2360 sequeretur.
1409 2279 1579 2361 quod
1636 2297 1779 2342 cum
1828 2279 2105 2356 timeret,
2156 2279 2332 2343 dedit
2376 2279 2693 2343 militibus
2740 2299 2847 2362 po-

547 2387 846 2449 testatem
896 2388 971 2449 ut
1016 2385 1286 2468 dispersi
1338 2406 1526 2468 quam
1574 2386 1889 2450 latissime
1937 2385 2280 2468 diriperent
2326 2385 2539 2450 omnia
2573 2387 2679 2449 uel
2718 2404 2847 2449 cor-

545 2494 929 2573 rumperent,
978 2495 1052 2557 ut
1100 2494 1154 2558 si
1202 2493 1342 2577 quis
1391 2493 1643 2577 insequi
1690 2493 2027 2572 uoluisset,
2068 2493 2370 2559 utensilia
2405 2512 2526 2559 non
2563 2491 2844 2558 haberet.

546 2601 799 2663 uastata
845 2602 946 2664 est
989 2600 1192 2683 igitur
1239 2620 1312 2664 ea
1358 2620 1503 2682 pars
1552 2600 1776 2664 Italiae
1826 2620 1948 2682 qua
1995 2599 2370 2683 pestiferum
2416 2600 2577 2664 illud
2621 2618 2844 2682 agmen

545 2704 831 2784 incessit,
881 2707 1154 2789 expilata
1199 2707 1431 2783 omnia,
1480 2707 1783 2771 mulieres
1832 2710 2183 2789 corruptae,
2222 2706 2508 2790 uirgines
2547 2706 2843 2782 uiolatae,
2878 2734 2931 2773 20

548 2813 774 2877 extorti
820 2816 1108 2895 parentes
1158 2817 1223 2878 et
1266 2814 1500 2891 mariti,
1549 2817 1625 2878 ut
1667 2814 1856 2893 filias,
1896 2817 1972 2878 ut
2020 2814 2347 2898 coniuges,
2387 2816 2462 2877 ut
2500 2833 2653 2896 opes
2694 2832 2841 2877 suas

547 2918 906 3001 proderent.
975 2919 1233 2984 abactae
1280 2922 1608 3002 tamquam
1657 2921 1733 2984 de
1779 2920 2062 2984 barbaris
2109 2919 2377 3002 praedae
2422 2938 2725 3003 pecorum
2773 2936 2843 2982 ac

547 3024 996 3089 iumentorum.
1090 3024 1211 3090 hoc
1266 3025 1453 3090 modo
1511 3045 1580 3090 se
1638 3026 1715 3089 ad
1772 3026 1955 3090 sedes
2014 3045 2162 3091 suas
2218 3026 2480 3108 recepit,
2530 3045 2676 3090 cum
2723 3024 2842 3088 Ro-

549 3250 827 3303 instructis
875 3252 1024 3316 (cum
1076 3249 1124 3303 0
1165 3255 1216 3303 et
1259 3250 1403 3318 Bal)
1451 3249 1699 3320 Lenylet,
1739 3253 1795 3304 et
1839 3250 2073 3319 receptis
2124 3250 2393 3304 militibus
2432 3248 2726 3318 diligenter
2760 3251 2841 3303 in-

549 3341 758 3392 structa
792 3338 1114 3405 Heumann,
1153 3342 1210 3392 et
1244 3339 1403 3392 rebus
1442 3355 1560 3393 eam
1596 3340 1654 3393 in
1690 3340 1939 3393 inimicos
1979 3339 2272 3407 diligenter
2306 3340 2580 3393 instruens
2629 3340 2843 3404 Walch,

550 3429 606 3480 et
641 3427 800 3480 rebus
839 3430 895 3481 et
932 3430 1023 3494 (ac
1057 3427 1365 3496 Fritzsche)
1398 3429 1566 3498 copiis
1596 3428 1833 3482 inimicis
1862 3427 2156 3497 diligenter
2186 3428 2453 3481 instructa
2478 3427 2845 3481 Buenemann

549 3521 601 3569 et
634 3514 934 3582 Fritzsche,
974 3517 1029 3568 et
1073 3515 1234 3569 rebus
1284 3516 1492 3585 coeptis
1539 3518 1597 3569 in
1647 3516 1895 3569 inimicos
1935 3514 2230 3585 diligenter
2267 3517 2546 3570 instructis
2583 3516 2845 3570 Duebner

551 3607 607 3658 et
642 3604 802 3657 rebus
840 3604 1048 3674 coeptis
1084 3604 1389 3658 inimicitiis
1428 3604 1722 3674 diligenter
1757 3605 2024 3657 instructa
2059 3604 2239 3659 Halm
2263 3622 2327 3673 p.
2365 3608 2480 3658 165

622 3695 655 3747 2
693 3711 821 3747 suae
857 3694 1079 3748 minoris
1115 3694 1259 3747 filiae
1295 3694 1431 3760 Bal,
1470 3694 1546 3747 sic
1584 3694 1807 3747 minoris
1844 3693 2082 3747 familiae
2127 3693 2175 3746 G
2278 3695 2311 3746 5
2351 3692 2843 3746 circumsedendam

557 3782 616 3850 0,
654 3800 792 3837 corr.
828 3783 972 3850 Bal;
1010 3783 1508 3836 circumsedendum
1546 3799 1668 3837 cum
1707 3798 1981 3852 anonymo
2008 3799 2070 3850 p.
2116 3785 2182 3835 51
2217 3782 2481 3836 Duebner
2644 3782 2674 3835 7
2714 3781 2844 3835 esti·

550 3876 829 3940 maretque
875 3871 933 3939 0,
971 3872 1408 3940 existimaretque
1445 3871 1753 3925 Heumann
1895 3871 1928 3924 8
1978 3871 2314 3924 detestantes
2350 3871 2485 3937 Bal,
2525 3870 2844 3924 detestande

557 3960 626 4027 G;
654 3960 974 4014 detestando
1008 3960 1371 4015 Buenemann
1478 3961 1510 4014 9
1551 3959 1893 4030 obpugnaret
1928 3960 1972 4014 Ο
2082 3961 2148 4014 10
2190 3961 2570 4029 imperatorem
2598 3959 2847 4029 Lenylet,

550 4049 775 4119 impium
810 4050 1117 4103 Heumann
1244 4051 1307 4103 11
1348 4050 1620 4103 nutabant
1654 4049 1790 4116 Bal,
1828 4050 2180 4103 mutabantur
2222 4048 2269 4103 0
2411 4048 2729 4118 dimisisque
2775 4048 2848 4115 0,-

552 4138 906 4206 demissisque
951 4137 1262 4205 Columbus,
1310 4138 1682 4206 demissusque
1731 4138 1894 4191 animi
1940 4137 2120 4191 Halm
2375 4139 2440 4191 12
2481 4143 2612 4191 ante
2660 4138 2849 4191 Seueri

554 4227 684 4280 add.
725 4229 781 4280 et
815 4226 1045 4296 Len-alet
1081 4228 1202 4293 (sed
1225 4227 1386 4295 falso
1424 4231 1510 4281 ‘ex
1532 4227 1666 4281 MS’
1699 4227 2003 4295 ascribens)
2118 4227 2185 4280 14
2222 4227 2374 4280 flexit
2411 4227 2618 4280 animos
2658 4242 2845 4280 eorum

553 4316 673 4369 Bal
709 4317 799 4382 (in
832 4316 1109 4384 Erratis),
1146 4317 1275 4371 felix
1313 4318 1541 4371 animos,
1583 4333 1810 4386 quorum
1856 4317 1900 4370 C
2028 4317 2094 4370 15
2136 4316 2366 4385 obprimi
2409 4315 2456 4370 0
2635 4317 2700 4370 19
2742 4333 2849 4386 qua

560 4405 793 4472 TolliuS,
834 4422 939 4474 quo
985 4405 1033 4459 0
