3132 5043
538 435 662 497 188
1066 430 1166 482 De
1223 430 1612 482 mortibus
1668 432 2272 499 persecutorum

443 628 479 680 4
534 625 877 689 carnificari
926 644 1140 689 omnes
1191 644 1340 689 suos
1386 625 1673 707 protinus
1720 624 2059 705 praecepit.
2154 622 2416 686 sedebat
2460 621 2597 703 ipse
2637 624 2814 703 atque

443 841 475 893 5

364 2147 441 2181 125⁸

531 731 897 795 innocentes
933 731 1066 814 igni
1103 731 1457 811 torquebat,
1487 731 1639 793 item
1681 730 1924 793 iudices
1963 730 2265 805 uniuersi,
2300 747 2517 792 omnes
2557 728 2816 808 denique

533 838 639 920 qui
687 840 863 900 erant
905 839 967 900 in
1008 838 1241 920 palatio
1282 838 1576 920 magistri
1617 837 1762 900 data
1797 839 2116 918 potestate
2155 835 2557 917 torquebant.
2651 837 2820 897 erant

534 947 845 1008 certantes
904 945 1045 1025 quis
1101 944 1271 1026 prior
1326 944 1566 1025 aliquid
1622 944 1963 1007 inueniret:
2022 943 2182 1006 nihil
2238 961 2510 1023 usquam
2558 940 2818 1022 reperie-

531 1051 735 1117 batur,
786 1051 1017 1131 quippe
1076 1070 1222 1117 cuin
1271 1050 1582 1113 familiam
1633 1050 1917 1114 Caesaris
1965 1069 2148 1113 nemo
2196 1051 2541 1130 torqueret.
2612 1047 2821 1110 aderat
2871 1072 2893 1108 5

530 1157 667 1238 ipse
717 1161 781 1220 et
823 1157 1104 1221 instabat
1151 1177 1263 1221 nec
1310 1157 1670 1238 patiebatur
1717 1157 1871 1220 iram
1920 1155 2372 1220 inconsiderati
2421 1154 2590 1218 senis
2640 1153 2820 1216 defla-

534 1283 730 1347 grare.
826 1264 935 1327 sed
994 1263 1354 1345 quindecim
1413 1263 1636 1326 diebus
1691 1263 2039 1326 interiectis
2097 1262 2271 1326 aliud
2317 1281 2571 1324 rursum
2619 1256 2862 1323 incen?

534 1371 708 1435 dium
771 1370 1033 1433 molitus
1102 1373 1217 1445 est,
1287 1370 1396 1433 sed
1473 1370 1742 1433 celerius
1818 1369 2351 1444 animaduersum,
2425 1387 2539 1431 nec
2613 1370 2818 1429 tamen

533 1480 752 1540 auctor
798 1477 1108 1559 apparuit.
1200 1480 1352 1541 tunc
1394 1477 1624 1542 Caesar
1668 1476 1876 1540 medio
1916 1475 2143 1540 hiemis
2181 1475 2571 1557 profectione
2609 1479 2821 1558 parata

498 1583 818 1666 *prorupit
874 1584 1093 1647 eodem
1152 1583 1273 1659 die,
1332 1586 1697 1647 contestans
1754 1584 1971 1665 fugere
2030 1602 2118 1660 se,
2177 1602 2252 1645 ne
2309 1584 2504 1646 uiuus
2562 1582 2820 1645 arderet.
2858 1609 2900 1645 ιο

625 1693 727 1753 15.
820 1690 1096 1753 Furebat
1139 1709 1284 1773 ergo
1323 1690 1665 1772 imperator
1700 1689 1827 1753 iam
1865 1709 1986 1752 non
2027 1689 2089 1751 in
2130 1689 2514 1753 domesticos
2552 1691 2820 1763 tantum,

532 1797 645 1861 sed
690 1797 754 1860 in
803 1816 1039 1860 omnes.
1090 1799 1154 1860 et
1198 1796 1463 1877 primam
1515 1796 1798 1860 omnium
1846 1796 2043 1859 filiam
2090 1795 2406 1859 Valeriam
2468 1798 2823 1877 coniugem—

533 1923 652 1985 que
707 1903 992 1967 Priscam
1051 1903 1356 1967 sacrifieio
1422 1904 1624 1985 pollui
1693 1903 1921 1985 coegit.
2016 1903 2446 1985 potentissimi
2512 1903 2823 1985 quondam

532 2009 807 2073 eunuchi
871 2010 1099 2086 necati,
1163 2029 1276 2091 per
1339 2030 1497 2091 quos
1563 2010 1872 2091 palatium
1938 2013 2001 2073 et
2062 2010 2199 2091 ipse
2268 2013 2409 2073 ante
2476 2010 2824 2083 constabat,

531 2117 966 2198 comprehensi
1031 2116 1381 2198 presbyteri
1447 2135 1520 2180 ac
1585 2116 1863 2180 ministri
1931 2120 1994 2180 et
2061 2118 2194 2180 sine
2252 2117 2402 2199 ulwla
2458 2116 2825 2198 probatione
2862 2140 2905 2177 15

533 2227 641 2288 aut
706 2223 1102 2288 confessione
1179 2223 1458 2287 damnati
1533 2243 1678 2287 cum
1754 2223 2046 2288 omnibus
2125 2223 2258 2287 suis
2335 2223 2825 2287 deducebantur.

533 2330 736 2395 omnis
787 2349 970 2393 sexus
1022 2332 1085 2392 et
1133 2330 1359 2393 aetatis
1407 2330 1695 2393 homines
1745 2329 1822 2393 ad
1873 2328 2262 2393 exustionem
2310 2328 2494 2411 rapti,
2544 2348 2659 2392 nec
2708 2329 2827 2392 sin-

532 2437 686 2520 guli,
735 2436 1029 2517 quoniam
1076 2440 1251 2500 tanta
1302 2440 1437 2499 erat
1482 2437 1852 2512 multitude,
1902 2436 2015 2498 sed
2064 2437 2377 2519 gregatim
2435 2435 2824 2499 circumdato

528 2544 665 2627 igni
703 2544 1168 2618 ambiebantur3
1213 2544 1544 2608 domestici
1577 2543 1852 2626 alligatis
1895 2544 1972 2606 ad
2013 2544 2249 2607 collum
2285 2543 2633 2606 molaribus
2673 2541 2825 2605 mari

441 2658 477 2709 4
532 2651 996 2734 mergebantur.
1091 2670 1203 2714 nec
1250 2652 1460 2715 minus
1508 2651 1573 2713 in
1623 2655 1903 2714 ceterum
1951 2650 2259 2731 populum
2296 2650 2655 2732 persecutio
2695 2650 2826 2711 uio·
2861 2675 2907 2712 20

529 2758 731 2820 lenter
783 2757 1094 2822 incubuit.
1152 2777 1295 2821 nam
1350 2757 1596 2820 iudices
1652 2775 1766 2837 per
1822 2757 2032 2820 omnia
2090 2756 2330 2837 templa
2378 2755 2648 2837 dispersi
2694 2755 2826 2818 uni-

443 2872 476 2923 5
531 2882 754 2926 uersos
814 2863 890 2926 ad
950 2864 1256 2927 sacrificia
1314 2863 1643 2946 cogebant.
1737 2864 1908 2944 pleni
1965 2882 2247 2927 carceres
2305 2866 2499 2933 erant,
2555 2865 2828 2927 tormen-

532 2971 743 3032 torum
803 2989 1030 3051 genera
1085 2970 1371 3034 inaudita
1429 2970 1963 3053 excogitabantur,
2023 2973 2087 3032 et
2143 2989 2217 3032 ne
2276 2969 2379 3032 cui
2434 2973 2669 3032 temere
2726 2969 2825 3032 ius

535 3075 870 3153 diceretur,
919 3095 1058 3140 arae
1115 3076 1177 3139 in
1236 3076 1591 3140 secretariis
1643 3096 1711 3139 ac
1761 3095 1869 3157 pro
1918 3076 2221 3140 tribunali
2268 3075 2535 3155 positae,
2584 3077 2659 3139 ut
2702 3075 2826 3138 liti—

534 3185 784 3265 gatores
831 3182 1007 3264 prius
1058 3182 1483 3246 sacrificarent
1530 3186 1717 3264 atque
1766 3184 1857 3246 ita
1904 3202 2128 3247 causas
2180 3201 2326 3246 suas
2385 3181 2685 3257 dicerent,
2738 3183 2827 3245 sic
2862 3207 2909 3246 25

608 3463 631 3513 1
692 3461 969 3529 praecepit
1004 3461 1137 3525 Bal,
1178 3460 1357 3529 caepit
1401 3460 1470 3527 C';
1509 3462 2139 3530 excarnificare—coepit
2182 3461 2427 3530 Cuperus
2625 3463 2658 3515 2
2713 3461 2826 3529 igni

530 3550 758 3602 Brandt
795 3549 891 3616 (cf.
931 3565 974 3603 c.
1014 3551 1103 3614 15,
1145 3553 1196 3601 3.
1238 3553 1324 3615 21,
1355 3552 1393 3601 8
1422 3556 1471 3602 et
1508 3550 1690 3603 India
1730 3551 1988 3616 uei-bor),
2016 3551 2144 3619 igne
2180 3550 2226 3602 C'
2363 3550 2658 3619 torquebat
2683 3549 2826 3602 Mie-

527 3639 652 3707 9ius
690 3655 779 3706 ap.
818 3638 1293 3700 Buenemannum,
1334 3640 1576 3692 torrebat
1621 3639 1666 3692 G
1772 3642 1804 3694 3
1842 3639 2171 3708 torquebant
2200 3640 2331 3705 Bal,
2360 3640 2754 3708 torquebantur
2787 3638 2831 3691 C

531 3727 860 3795 torquebant
901 3727 1095 3796 [erant]
1138 3731 1407 3780 certantes
1448 3745 1757 3797 anonymus
1784 3746 1843 3796 p.
1890 3732 1966 3780 44
2116 3728 2150 3779 4
2188 3744 2414 3795 usquam
2452 3728 2585 3794 Bal,
2623 3745 2741 3796 usq.
2787 3728 2830 3779 C

531 3818 564 3869 6
606 3815 929 3883 deflagraret
964 3815 1023 3882 G,
1062 3832 1198 3871 cor-r.
1239 3816 1359 3868 Bal
1484 3819 1515 3869 7
1557 3817 1696 3869 aliut
1727 3817 1772 3869 C
1876 3817 1909 3869 8
1949 3820 2034 3869 set
2070 3817 2125 3881 C,
2156 3815 2213 3867 id
2249 3815 2544 3869 Columbus
2689 3816 2825 3869 cele-

532 3905 701 3956 retius
746 3904 792 3957 C
866 3906 928 3958 13
970 3905 1195 3958 condam
1240 3906 1299 3971 G,
1338 3922 1476 3960 corr.
1516 3907 1635 3959 Bal
1710 3908 1774 3960 15
1815 3906 2037 3975 ephensi
2083 3905 2129 3958 G
2246 3907 2309 3958 16
2350 3913 2444 3958 aut
2487 3906 2723 3972 Tollius,
2761 3905 2827 3958 ad

540 3993 611 4058 C';
647 4010 708 4046 ac
747 3993 1003 4062 Lenylet;
1039 3994 1107 4047 ad
1148 3995 1539 4048 confessionem
1578 3996 1696 4048 Bal
1839 3994 2176 4048 ducebantur
2210 3994 2442 4059 Tollius,
2471 3995 2540 4059 cf.
2573 4010 2614 4047 c.
2648 3998 2742 4061 40,
2778 3999 2826 4047 4.

539 4084 622 4147 51,
662 4085 713 4134 2.
754 4082 914 4135 Lace.
955 4084 1096 4138 Inst.
1136 4083 1233 4134 IV
1265 4086 1350 4148 18,
1398 4087 1432 4135 7
1541 4085 1608 4137 18
1648 4083 1743 4136 sed
1789 4084 2022 4149 TolliuS,
2061 4088 2117 4136 et
2160 4084 2226 4147 C,-
2267 4086 2324 4135 at
2353 4083 2433 4135 ed.
2471 4082 2829 4137 Ooeovz.1680

537 4171 602 4223 19
643 4171 1061 4224 amburebantur
1104 4172 1349 4239 Ouperus
1509 4173 1791 4240 uir-qulam
1818 4178 1951 4240 post
1990 4172 2366 4225 ambiebantur
2405 4172 2505 4224 del.
2545 4172 2830 4225 Bentleius

531 4259 820 4312 molalibus
866 4259 924 4326 0,
963 4276 1100 4313 corr.
1138 4261 1258 4313 Bal
1384 4261 1450 4314 23
1490 4260 1762 4313 inaudita*
1803 4263 1859 4326 (e
1899 4264 1999 4326 er.)
2042 4260 2086 4312 G
2211 4262 2278 4313 24
2318 4277 2440 4329 are*
2478 4260 2523 4313 Ο
2647 4263 2714 4314 25
2754 4262 2828 4313 sic

533 4348 682 4416 ergo]
724 4349 908 4418 sicque
944 4350 1249 4403 Heumann
