3132 5043
846 469 1251 523 rerumque
1310 456 2016 524 grammaticarum.

341 647 566 714 aliquem
612 645 640 699 I
688 645 812 711 430,
864 646 946 700 16.
996 647 1116 710 753,
1168 646 1216 700 8.

343 753 484 788 suam
520 734 578 789 11
615 736 735 800 122,
777 736 859 789 16.
900 736 956 788 in
995 736 1270 804 potestate
1307 736 1404 789 ha-

339 825 463 877 bent
516 823 783 893 supplicia
839 823 1016 877 uitare
1072 824 1098 877 1
1155 826 1278 887 439,
1321 826 1401 879 14.

336 931 432 966 non
470 912 677 966 habent
710 913 767 966 in
806 916 1081 983 potestate
1119 917 1180 966 ut
1216 914 1243 966 Ι
1279 914 1402 975 461,

334 1005 377 1056 6.
417 1032 483 1041 —
522 1001 650 1056 dare
687 1004 1019 1071 potestatem
1060 1003 1235 1056 alicui
1261 1007 1323 1056 ut
1351 1004 1404 1056 II

333 1091 387 1142 M
439 1090 560 1153 204,
623 1092 702 1145 16.
772 1090 1020 1159 [liberam
1073 1095 1404 1160 potestatem

337 1180 504 1232 alicui
550 1180 791 1234 alieuius
835 1180 917 1232 rei
959 1179 1015 1233 ΙΙ
1061 1180 1119 1233 M
1166 1182 1288 1244 229,
1328 1182 1400 1250 3.]

336 1269 550 1337 aliquid
595 1270 842 1337 (aliquis)
892 1272 976 1322 est
1021 1270 1075 1322 in
1128 1273 1403 1338 potestate

333 1358 570 1411 alicuius
614 1358 641 1411 Ι
691 1359 811 1422 151,
863 1359 943 1412 16.
997 1359 1116 1424 194,
1161 1359 1241 1411 17.
1285 1359 1401 1421 195,

332 1447 379 1500 8.
431 1447 550 1509 500,
603 1448 653 1500 4.
707 1447 828 1510 559,
884 1448 965 1500 17.
1007 1447 1127 1509 734,
1168 1449 1217 1500 6.
1258 1446 1311 1499 11
1348 1446 1405 1498 Μ

338 1537 449 1597 194,
488 1537 537 1588 2.
576 1536 680 1588 hoc
715 1552 933 1588 munere
973 1552 1040 1588 an
1079 1536 1310 1598 utamur,
1348 1535 1404 1588 in

333 1629 512 1697 nostra
549 1624 728 1676 uoluit
766 1640 881 1677 esse
920 1626 1194 1692 potestate
1233 1624 1288 1676 ΙΙ
1316 1626 1402 1688 61,

337 1714 412 1769 15.
468 1713 753 1766 simulacra
803 1712 1022 1764 suerunt
1067 1713 1124 1765 in
1172 1713 1403 1766 hominis

332 1805 602 1870 potestate
651 1801 738 1854 uel
784 1806 847 1854 ut
894 1799 1043 1854 aliud
1089 1801 1280 1855 fierent
1317 1802 1405 1855 uel

333 1894 392 1942 ut
441 1890 656 1942 omnino
709 1907 776 1943 ne
828 1889 1020 1942 fierent
1070 1890 1098 1942 Ι
1152 1890 1268 1953 107,
1318 1891 1400 1944 23.

328 1979 443 2031 sim.
490 1978 517 2030 Ι
570 1980 691 2041 692,
744 1979 788 2032 1.
838 2009 905 2018 -
954 1979 1190 2047 eorporis
1239 1981 1404 2047 atque

331 2067 575 2120 fortunae
607 2066 792 2136 (bona)
810 2084 917 2119 non
939 2068 1141 2120 suntin
1171 2067 1403 2121 hominis

331 2159 656 2226 potestatem
694 2156 720 2209 1
759 2156 880 2217 702,
920 2156 1003 2209 26.
1052 2158 1297 2224 potestas
1336 2181 1403 2202 =

328 2262 579 2315 persona:
632 2244 789 2297 deus:
843 2261 1048 2297 summa
1099 2246 1402 2313 potestasl

330 2336 411 2397 44,
470 2336 551 2388 11.
605 2336 761 2386 tanta
811 2333 867 2386 ΙΙ
920 2333 1040 2399 130,
1093 2334 1141 2386 2.
1195 2350 1405 2387 summa

329 2423 422 2476 illa
472 2426 529 2476 et
575 2422 868 2491 singularis
906 2423 962 2476 11
1005 2423 1211 2491 108„3.
1251 2439 1403 2492 prae-

330 2512 661 2566 stantissima
700 2514 861 2580 atque
902 2512 1107 2580 optima
1144 2511 1199 2565 II
1237 2512 1322 2576 67,
1354 2513 1401 2565 7.

1268 647 1404 700 iram

332 2633 394 2640 —
443 2617 559 2655 esse
609 2602 844 2670 aliquam
892 2617 1199 2669 peruersam
1250 2604 1400 2669 pote-

328 2694 525 2744 statem
582 2692 675 2758 (se.
735 2689 1034 2756 diabolum)
1091 2689 1118 2742 Ι
1175 2690 1260 2753 97,
1320 2690 1401 2743 18.

328 2779 568 2846 infinite:
610 2779 741 2832 deus
780 2796 976 2832 nomen
1031 2783 1114 2832 est
1165 2795 1423 2831 summae¹

328 2869 617 2937 potestatis
654 2868 682 2921 I
724 2868 929 2930 11,15.
969 2883 1084 2919 esse
1122 2871 1403 2936 praestan·

2479 462 2606 525 507

1538 650 1617 701 17.
1666 649 1792 702 item
1837 650 2183 718 infinitiuum
2230 652 2293 704 in
2340 666 2516 705 accus.
2566 670 2606 705 c.

1530 737 1635 805 inf.
1688 738 2009 804 infinitivus
2058 738 2084 791 Ι
2134 740 2255 803 269,
2309 741 2391 794 15.
2427 740 2484 794 ΙΙ
2522 742 2607 803 63,

1533 825 1618 879 20.
1659 857 1727 864 -
1772 826 1953 895 potius
2003 832 2055 881 et
2102 834 2416 896 comparat:
2458 829 2610 883 aiunt

1533 914 1704 967 multo
1755 930 1872 968 esse
1919 915 2246 984 praeclarius
2294 920 2349 970 et
2393 917 2609 970 homine

1534 1003 1751 1071 dignius
1804 1004 2010 1057 caelum
2063 1006 2244 1073 potius
2292 1022 2449 1073 quam
2489 1022 2608 1060 eae-

1532 1092 1646 1145 lata
1703 1093 1901 1146 intueri
1939 1092 1967 1146 I
2014 1095 2135 1158 557,
2192 1095 2241 1147 3.
2300 1093 2607 1148 credibilius

1533 1184 1618 1233 est
1653 1183 1936 1235 materiam
1972 1182 2152 1251 potius
2192 1200 2223 1235 a
2261 1182 2360 1236 deo
2408 1183 2609 1238 factam

1534 1298 1619 1327 -,
1661 1284 1819 1336 quam
1857 1270 2115 1323 mundum
2153 1288 2259 1325 non
2301 1289 2416 1326 esse
2448 1290 2482 1326 a
2508 1273 2606 1326 deo

1533 1356 1734 1410 factam
1770 1356 1797 1408 1
1839 1358 1956 1415 139.
1997 1360 2045 1412 3.
2077 1391 2143 1398 -
2173 1364 2424 1415 utrumne
2450 1392 2517 1401 —
2548 1380 2608 1416 ac

1532 1463 1640 1498 non
1689 1446 1872 1516 potius
1924 1478 1991 1487 —
2051 1448 2078 1501 ‘1’
2129 1448 2157 1500 Ι
2214 1451 2331 1513 117,
2389 1451 2469 1504 16.
2528 1450 2608 1504 18.

1534 1535 1688 1601 quasi
1725 1551 1992 1589 uero—ac
2043 1553 2151 1589 non
2201 1537 2383 1605 potius
2421 1538 2448 1592 I
2487 1540 2607 1599 215,

1537 1623 1617 1676 18.
1662 1653 1724 1662 —
1766 1624 1834 1691 cf.
1888 1625 1976 1678 uel
2026 1626 2271 1694 (potius).
2311 1657 2378 1665 --
2427 1628 2609 1696 potius

1532 1710 1791 1765 omissum
1840 1720 1970 1767 ante
2008 1731 2169 1783 quam
2209 1717 2278 1782 cf.
2321 1732 2498 1784 quam.
2539 1717 2610 1783 cf.

1532 1818 1643 1854 ·ne.
1684 1832 1750 1839 —
1789 1803 2131 1870 potissimum
2179 1819 2356 1871 saepe,
2395 1806 2549 1858 uelut
2585 1805 2610 1856 I

1532 1890 1620 1953 32,
1670 1890 1753 1942 20.
1804 1892 1893 1954 46,
1946 1891 2026 1945 12.
2073 1893 2159 1955 47,
2213 1893 2257 1945 1.
2310 1894 2392 1955 74,
2434 1895 2481 1947 9.
2523 1893 2609 1953 78.

1533 1979 1618 2031 20.
1659 1979 1744 2041 96,
1789 1979 1870 2033 10.
1913 1980 2031 2042 111,
2077 1981 2159 2033 11.
2209 1980 2265 2033 11
2300 1981 2358 2034 M
2400 1981 2516 2044 186,
2557 1983 2607 2034 4.

1532 2085 1640 2120 non
1686 2069 2027 2136 potissimum
2077 2099 2162 2133 —,
2204 2068 2298 2122 sed
2335 2069 2360 2121 Ι
2398 2072 2484 2133 46,
2529 2072 2609 2123 12.

1537 2157 1655 2214 175,
1708 2156 1757 2208 9.
1811 2156 1932 2215 540,
1985 2155 2069 2209 20.
2123 2156 2464 2223 potissimum
2519 2161 2610 2223 (=

1531 2243 1735 2313 potius)
1778 2259 1938 2310 quam
1976 2243 2002 2295 Ι
2041 2245 2125 2307 99,
2171 2246 2248 2298 15.
2297 2245 2412 2307 106,
2457 2246 2536 2298 13.

1462 2335 1624 2401 potus
1671 2331 1699 2385 1
1745 2332 1865 2396 354,
1914 2333 1962 2385 2.
2013 2332 2136 2398 380,
2180 2334 2260 2386 12.
2301 2333 2355 2386 11
2393 2335 2478 2397 42,
2525 2335 2605 2387 19.

1534 2420 1677 2473 aceti
1727 2420 1754 2473 Ι
1805 2420 1926 2485 380,
1981 2421 2027 2473 7.
2076 2426 2247 2488 yenet.
2296 2421 2352 2474 11
2398 2423 2484 2486 41,
2528 2424 2607 2475 16.

1535 2526 1714 2563 aecus.
1765 2508 1819 2563 II
1869 2509 1955 2573 42,
2012 2509 2093 2564 16.
2146 2512 2279 2580 potu
2334 2510 2361 2563 I
2416 2512 2466 2572 5,
2528 2512 2609 2566 18.

1531 2599 1654 2661 483,
1697 2599 1744 2652 7.
1786 2598 1909 2663 671,
1942 2599 2022 2651 15.
2054 2598 2109 2651 II
2137 2599 2221 2662 35,
2258 2600 2336 2652 19.
2369 2601 2521 2668 plur.
2553 2600 2607 2672 ΙΙ

1533 2688 1620 2750 99,
1663 2687 1745 2740 13.
1782 2687 2003 2755 potibus
2042 2686 2097 2739 11
2136 2687 2222 2753 38,
2267 2689 2345 2740 19.

1460 2793 1589 2846 prae
1628 2775 1655 2828 Ι
1693 2775 1778 2839 59,
1817 2776 1867 2828 4.
1915 2776 2037 2840 435,
2092 2777 2136 2829 1.
2176 2776 2298 2840 581,
2337 2778 2421 2830 21.
2462 2776 2517 2830 ΙΙ
2555 2777 2612 2829 Μ

1537 2865 1655 2928 184,
1697 2867 1728 2919 6
1768 2865 1967 2932 (coni).
2008 2864 2078 2932 cf.
2119 2864 2270 2917 ferre.

159 3160 165 3164 ·
263 3135 419 3203 potiri
455 3135 576 3188 luce
613 3157 682 3179 =
721 3134 870 3186 nasci
909 3133 932 3185 Ι
973 3134 1057 3196 37,
1097 3132 1146 3186 8.
1186 3134 1406 3203 perenni

1461 2953 1725 3023 praebens
1765 2970 1820 3006 se
1852 2953 2070 3006 obuium
2101 2954 2293 3007 ceteris
2322 2952 2379 3006 11
2409 2954 2495 3019 37,
2529 2954 2610 3009 16.

1462 3040 1782 3112 praecedere
1830 3042 1858 3095 I
1905 3042 2029 3105 282,
2082 3042 2163 3096 10.
2202 3043 2324 3105 302,
2368 3044 2449 3097 11.
2489 3043 2610 3106 377,

1538 3130 1618 3184 18.
1661 3131 1781 3194 380,
1821 3132 1869 3183 4.
1912 3133 2091 3184 aetate
2131 3131 2157 3184 I
2196 3132 2283 3197 91,
2322 3132 2372 3187 2.
2413 3148 2456 3185 c,
2499 3147 2611 3185 aee.

1532 3219 1560 3272 I
1598 3219 1720 3282 303,
1764 3220 1846 3272 11.
1887 3220 2007 3283 334,
2045 3221 2096 3273 4.
2136 3220 2259 3286 497,
2294 3220 2373 3276 10.
2406 3220 2527 3282 592,
2559 3221 2607 3273 2.

262 3312 425 3380 potis:
465 3311 649 3380 potior
686 3310 713 3363 Ι
752 3311 872 3372 191,
911 3311 961 3363 4.
1002 3310 1124 3374 395,
1158 3311 1240 3364 11.
1282 3312 1403 3373 671,
1534 3309 1585 3360 11
1613 3308 1668 3360 Μ
1703 3308 1819 3371 175,
1863 3309 1945 3361 14.
1983 3307 2430 3376 praecedentibus
2459 3307 2611 3360 libris

332 3402 379 3455 3.
417 3401 541 3463 699,
586 3400 669 3454 10.
711 3399 833 3465 724,
875 3400 956 3451 17.
997 3400 1117 3461 739,
1162 3399 1243 3455 11.
1285 3401 1403 3462 747,
1532 3396 1560 3450 Ῑ
1596 3397 1720 3459 479,
1764 3396 1844 3451 14.
1885 3397 2005 3459 505,
2050 3397 2115 3449 14
2156 3396 2399 3464 (sinyul.)

331 3491 375 3543 7.
425 3490 547 3553 751,
601 3489 682 3541 13.
736 3489 855 3554 754,
903 3488 989 3543 23.
1028 3488 1341 3556 potissimus
1379 3488 1405 3541 1
1462 3485 1796 3555 praecellens
1834 3485 1861 3537 Ι
1899 3485 2021 3546 449,
2061 3485 2109 3538 8.
2150 3484 2206 3538 II
2246 3486 2329 3547 75,
2374 3485 2454 3537 18.

334 3578 447 3641 191,
499 3580 550 3630 4.
602 3576 827 3631 aduerb.
878 3576 1268 3645 potius—non:
1309 3576 1406 3630 illa
1463 3573 1788 3644 praecellere
1837 3573 2034 3639 aliqua
2079 3589 2138 3625 re
2174 3572 2397 3639 aliquid
2433 3572 2490 3625 ΙΙ
2525 3573 2610 3634 80,

328 3665 506 3734 potius
546 3665 674 3719 fieta
711 3667 853 3727 sunt,
887 3681 1026 3733 quae
1057 3695 1143 3729 —‚
1173 3682 1280 3718 non
1308 3666 1419 3719 illa
1536 3663 1618 3716 10.
1659 3662 1801 3715 inter
1839 3665 2044 3714 ceteros
2083 3661 2110 3714 Ι
2149 3661 2271 3724 531,
2312 3661 2395 3713 20.

329 3770 464 3821 quae
524 3767 589 3793 ·—-—
647 3753 675 3806 I
728 3753 814 3813 39,
872 3754 955 3806 11.
1008 3753 1131 3814 470,
1190 3755 1238 3807 3.
1297 3770 1406 3807 non
1461 3750 2017 3821 praecepsuia1486‚
2040 3752 2089 3803 2.
2114 3750 2317 3815 (homo)
2339 3748 2610 3810 1ΙΜ179,

318 2957 592 3010 tissimam
629 2957 960 3026 potestatem
995 2955 1025 3008 Ι
1066 2955 1271 3020 14,10.

262 3047 404 3114 potio
445 3046 500 3099 11
539 3046 623 3107 36,
666 3044 748 3098 18.
789 3044 929 3097 aceti
966 3043 994 3096 I
1034 3044 1280 3124 35Ο,12.

328 3222 445 3276 luce
484 3222 512 3275 I
550 3223 674 3283 394,
715 3223 796 3276 17.

328 3845 468 3908 (nec)
510 3840 694 3909 potius
734 3872 799 3880 —
841 3840 936 3894 sed
973 3842 1000 3894 Ι
1037 3844 1159 3906 527,
1189 3843 1238 3895 4.
1283 3844 1403 3906 535,

332 3930 411 3982 11.
476 3930 662 3997 [quem
717 3930 901 3998 potius
967 3931 1236 4000 appellem
1300 3932 1406 3984 nisi

325 4034 447 4070 eum
493 4017 521 4070 Ι
567 4018 601 4069 4
648 4016 772 4072 adn.
819 4023 848 4081 ἓ
899 4018 1002 4088 16.]
1048 4049 1108 4059 -
1148 4020 1406 4073 morietur

324 4105 506 4174 potius
529 4121 691 4173 quam
714 4105 927 4160 occidat
949 4108 1086 4171 (cod.
1104 4108 1175 4175 B,
1196 4108 1406 4162 occidet

324 4194 466 4263 cett.)
518 4193 546 4246 I
595 4194 718 4257 455,
778 4196 857 4248 16.
908 4196 1320 4249 coniunctc‘uum
1357 4201 1406 4248 et

326 4282 508 4351 potius
545 4282 795 4349 sequitur
842 4299 1003 4351 quam
1043 4288 1093 4337 et
1130 4284 1402 4338 coniunct.

324 4370 352 4424 Ι
397 4371 521 4433 386,
550 4370 621 4428 ,3.
670 4367 794 4434 455,
848 4372 930 4426 16.
971 4373 1095 4436 535,
1135 4373 1183 4425 7.
1224 4372 1279 4426 lI
1315 4372 1402 4437 84,

1536 3842 1618 3894 14.
1662 3840 1779 3903 185,
1823 3841 1904 3893 16.
1946 3838 2014 3892 ad
2064 3837 2416 3893 occidendum
2455 3856 2611 3908 prae-

1535 3929 1729 3998 cipites
1761 3929 2057 3981 extiterunt
2083 3928 2111 3981 I
2137 3929 2264 3995 435,
2293 3930 2341 3981 5.
2372 3927 2429 3979 111
2458 3945 2611 3997 prae-

1534 4035 1660 4087 ceps
1712 4017 1840 4071 ferri
1889 4015 1916 4067 I
1968 4018 2017 4082 2,
2071 4017 2156 4070 28.
2208 4016 2264 4069 111
2317 4016 2611 4085 praecipite

1531 4107 1745 4175 positus
1792 4106 1820 4159 I
1870 4106 1991 4169 197,
2039 4106 2123 4159 25.
2165 4105 2515 4175 praeeipitem
2555 4122 2612 4158 se

1535 4194 1689 4248 dedit
1724 4196 1752 4249 I
1789 4195 1911 4259 238,
1954 4195 2035 4249 13.
2077 4193 2143 4247 de
2181 4192 2441 4247 tribunali
2477 4193 2533 4247 H
2557 4193 2615 4246 M

1533 4284 1656 4347 205,
1689 4284 1771 4340 18.
1812 4300 1946 4353 quos
1985 4282 2251 4352 cupiditas
2290 4282 2613 4352 praecipites

1532 4372 1706 4425 trahit
1734 4373 1759 4425 I
1788 4373 1914 4440 491,
1950 4374 2002 4429 4.
2043 4371 2265 4442 (ipsam)
2303 4372 2409 4427 hue
2448 4375 2613 4441 atque

2440 4461 2538 4514 33*
