3132 5043
489 459 618 522 356

558 651 899 715 tatoremque
949 664 1006 700 se
1042 645 1288 698 Platonis
1339 643 1670 697 ostenderit'

496 768 499 769 ν
557 738 588 790 Ι
640 737 761 800 218,
824 737 905 790 10.
965 734 1149 790 Cicero
1210 733 1275 786 de
1331 733 1561 786 Platone
1614 733 1642 786 I

559 825 681 890 708,
730 826 809 878 14.
866 840 1101 877 summus
1152 822 1246 875 ille
1293 825 1481 874 noster
1515 821 1639 873 Pla-

558 915 704 967 tonis
752 914 998 966 imitator
1034 912 1061 964 Ι
1098 912 1219 973 257,
1259 912 1310 964 4.
1359 909 1504 962 solus
1554 925 1638 961 ex-

558 1003 679 1055 titit
742 1002 989 1055 Platonis
1053 1000 1298 1052 imitator
1361 998 1389 1051 1
1446 999 1532 1060 58,
1588 1000 1638 1051 4.

558 1091 842 1144 Platonem
876 1093 1091 1143 secutus
1127 1088 1215 1154 (de
1246 1087 1369 1155 deo)
1401 1088 1458 1140 in
1486 1086 1641 1140 libris

559 1178 642 1231 De
716 1177 931 1246 legibus
1000 1178 1026 1229 1
1101 1177 1181 1240 17,
1253 1177 1334 1231 15.
1401 1177 1485 1237 59,
1555 1176 1637 1229 12.

560 1267 775 1320 Stoicos
815 1265 1061 1334 sequitur
1097 1263 1187 1334 (de
1227 1264 1351 1329 diis)
1382 1264 1410 1317 Ι
1435 1263 1521 1327 48,
1553 1264 1638 1318 24.

556 1356 645 1419 63,
691 1356 775 1409 25.
826 1355 1127 1408 Stoicorum
1176 1357 1497 1422 argumenta
1549 1352 1639 1422 ((16

554 1443 929 1513 prouidentia)
996 1442 1284 1495 adfirmans
1353 1441 1379 1494 Ι
1435 1444 1484 1506 6,
1551 1442 1638 1494 22.

556 1533 877 1586 Panaetium
918 1532 1158 1585 Stoicum
1204 1534 1421 1583 secutus
1460 1529 1536 1599 (in
1574 1529 1639 1581 li-

560 1622 676 1675 bris
726 1621 809 1674 De
865 1620 1079 1689 officiis)
1116 1619 1143 1671 Ι
1179 1620 1303 1683 496,
1343 1620 1393 1672 2.
1433 1617 1639 1672 Acade-

556 1712 725 1763 micus
741 1709 797 1762 ΙΙ
813 1710 898 1773 96,
918 1710 964 1762 7.
982 1708 1304 1761 Academiae
1322 1707 1638 1776 disciplinae

560 1799 812 1851 defensor
848 1798 875 1850 I
913 1798 963 1860 6,
1004 1798 1090 1850 20.
1132 1795 1445 1850 Carneaden
1482 1812 1636 1866 prae·

558 1887 707 1940 <licat
742 1887 769 1939 Ι
806 1887 927 1952 444,
982 1888 1030 1942 6.
1081 1902 1201 1939 eum
1247 1884 1492 1938 refellere
1531 1901 1639 1937 non

559 1976 741 2043 potuit
794 1974 821 2027 1
878 1975 998 2038 451,
1056 1974 1141 2028 21.
1201 1973 1449 2042 quotiens
1505 1972 1636 2041 Epi-

560 2080 749 2115 cureus
808 2065 891 2115 est
946 2062 971 2115 Ι
1033 2063 1150 2125 140,
1209 2064 1257 2115 6.
1316 2061 1637 2115 Graecorum

557 2152 842 2205 leuitatem
881 2168 1091 2220 semper
1131 2154 1346 2204 accusat
1373 2154 1429 2204 et
1456 2154 1639 2203 tamen

560 2241 805 2309 sequitur
841 2239 868 2291 Ι
905 2241 1027 2304 217,
1065 2241 1117 2293 4.
1176 2238 1532 2293 Euhemerum
1586 2242 1640 2291 et

558 2330 792 2382 Ennium
822 2334 1039 2382 secutus
1072 2328 1160 2396 (de
1193 2328 1319 2397 d1is)
1348 2328 1403 2380 11
1433 2330 1519 2389 96,
1554 2329 1636 2381 11.

561 2417 627 2470 de
665 2417 1111 2487 philosophorum
1149 2417 1266 2470 uita
1292 2416 1638 2485 moribusque

564 2507 809 2576 queritur
862 2506 890 2560 Ι
947 2507 1069 2570 221,
1135 2508 1220 2561 21.
1286 2505 1639 2576 philosophos

559 2614 671 2649 non
712 2597 1009 2650 utilitatem
1051 2613 1112 2649 ex
1149 2596 1511 2666 philosophia,
1544 2593 1641 2648 sed

559 2686 981 2739 oblectationem
1054 2689 1238 2755 petere
1311 2687 1550 2738 testatur
1613 2684 1641 2735 I

560 2776 685 2838 225,
720 2775 801 2828 13.
840 2775 1172 2827 umbraticus
1203 2777 1258 2826 et
1286 2773 1640 2842 imaginarius

561 2866 880 2932 praeceptor
908 2862 934 2916 1
964 2865 1083 2925 527,
1120 2864 1202 2916 10.
1234 2879 1342 2915 non
1364 2861 1642 2915 dubitauit

562 2951 741 3004 dicere
798 2951 928 3005 deos
983 2952 1226 3006 homines
1283 2951 1449 3004 fuisse
1487 2950 1514 3002 I
1553 2949 1639 3012 58,

561 3043 612 3094 5.
659 3041 740 3093 11.
781 3042 866 3102 59,
910 3041 992 3094 11.
1027 3041 1109 3094 14.
1144 3040 1227 3094 18.
1258 3040 1342 3103 60,
1372 3042 1422 3092 4.
1452 3040 1638 3092 Iouem

564 3127 778 3181 colebat
821 3129 849 3180 I
899 3129 984 3191 36,
1040 3128 1124 3182 11.
1179 3128 1293 3181 eius
1344 3127 1638 3180 timiditas:

561 3220 778 3270 terrena
813 3220 1127 3282 ueneratur;
1160 3218 1449 3270 ueritatem
1480 3216 1639 3282 uidit,

563 3323 725 3374 quam
763 3322 859 3359 nec
907 3305 1222 3358 defensurus
1270 3309 1386 3359 erat
1422 3321 1520 3359 nec
1558 3321 1640 3357 se-

561 3403 785 3449 cuturus
823 3394 851 3447 Ι
891 3394 1009 3457 104,
1046 3396 1236 3447 5-16.
1279 3394 1492 3446 etiamsi
1529 3393 1640 3446 uim

563 3485 1001 3554 potestatemque
1078 3481 1163 3534 dei
1237 3482 1522 3547 intellexit,
1591 3482 1641 3535 ei

563 3575 823 3627 honorem
861 3590 968 3625 non
1006 3570 1247 3625 reddidit
1283 3571 1310 3623 I
1348 3572 1468 3636 283,
1506 3573 1558 3624 4.
1589 3571 1638 3624 8.

561 3679 747 3715 ueram
773 3662 1111 3730 religionem,
1144 3676 1302 3729 quam
1330 3660 1638 3729 ignorabat,

560 3750 817 3804 inducere
881 3766 989 3802 non
1055 3750 1238 3818 potuit
1298 3748 1354 3801 11
1412 3749 1497 3812 96,
1557 3750 1638 3801 12.

561 3838 762 3891 fiducia
817 3838 902 3891 illi
959 3837 1134 3889 defuit
1188 3838 1463 3904 ignoranti
1499 3836 1639 3889 ueri·

559 3931 733 3981 tatem
782 3927 810 3980 Ι
856 3927 942 3991 64,
994 3926 1075 3979 16.
1122 3926 1283 3994 longe
1324 3942 1355 3978 a
1393 3926 1641 3979 ueritatis

561 4017 762 4070 notitia
799 4019 1037 4069 remotus
1076 4015 1103 4067 I
1144 4017 1263 4079 139,
1303 4014 1514 4079 8.,154,
1558 4016 1638 4067 17.

563 4106 770 4158 nescire
810 4122 865 4158 se
906 4104 1035 4173 quid
1074 4105 1144 4157 sit
1181 4121 1367 4157 uerum
1406 4120 1640 4173 pronun-

559 4195 727 4247 tiauit
776 4195 803 4247 I
859 4195 979 4257 610,
1036 4195 1115 4247 14.
1167 4197 1312 4247 recte
1364 4192 1641 4262 praefatus

566 4286 651 4336 est
695 4284 993 4337 miserabili
1037 4284 1286 4336 ueritatis
1334 4282 1642 4350 ignorantia

562 4390 621 4424 se
660 4374 835 4425 teneri
872 4373 899 4425 1
939 4373 1058 4436 240,
1095 4371 1344 4425 14.sa1sa
1383 4388 1438 4424 se
1478 4371 1640 4434 intel-

1539 452 1779 506 Index

1764 643 1965 712 legere,
2015 659 2142 695 uera
2179 644 2385 696 nescire
2423 643 2453 696 I
2490 643 2574 706 64,
2616 643 2694 696 17.
2733 640 2821 694 fal·

1765 750 1883 785 sum
1944 731 2161 800 quidem
2226 745 2500 800 apparere,
2557 730 2824 782 ueritatem

1765 822 1948 873 tamen
2004 820 2174 873 latere
2230 819 2286 872 11
2342 820 2427 883 96,
2488 820 2569 873 14.
2622 819 2669 883 (I
2720 820 2823 883 107,

1767 911 1873 974 16.)
1906 940 1974 948 —
2005 910 2118 962 eius
2154 908 2335 969 luctus
2376 907 2442 960 de
2481 907 2594 960 filia
2628 911 2822 960 mortua

1765 997 1793 1051 Ι
1832 1000 1917 1060 59,
1969 999 2021 1052 4.
2075 998 2196 1060 265,
2254 998 2301 1050 7.
2359 997 2439 1051 14.
2492 996 2822 1065 mitigatusl

1766 1087 1851 1146 58,
1891 1087 1941 1138 4.
1981 1086 2030 1138 9.
2072 1086 2156 1147 59,
2197 1086 2245 1138 9.
2286 1086 2372 1148 60,
2414 1086 2499 1138 10.
2550 1101 2604 1137 se
2643 1101 2672 1137 a
2708 1085 2824 1137 For-

1763 1177 1902 1227 tuna
1951 1174 2186 1241 turpiter
2235 1174 2439 1226 uictum
2495 1172 2771 1226 confitetur
2803 1172 2829 1225 Ι

1766 1264 1888 1322 265.
1920 1264 1967 1316 7.
2003 1263 2083 1317 12.
2122 1264 2359 1315 testatus
2400 1266 2484 1315 est
2510 1261 2678 1314 Attici
2709 1278 2819 1314 con-

1766 1351 2049 1405 scientiam
2103 1350 2131 1403 I
2188 1350 2274 1413 60,
2330 1352 2379 1405 3.
2446 1350 2690 1403 adulatus
2750 1355 2821 1402 est-

1764 1438 1949 1491 Attico
1990 1442 2045 1491 et
2082 1437 2260 1491 inrisit
2298 1438 2567 1491 hominem
2606 1437 2821 1490 familia-

1765 1544 1877 1580 rem
1914 1527 1942 1580 1
1981 1528 2066 1593 74,
2105 1528 2156 1580 4.
2198 1557 2262 1564 -—
2306 1527 2370 1580 de
2409 1527 2568 1580 libris
2604 1542 2733 1594 quo-5
2766 1527 2822 1578 de

1755 1616 2117 1685 philosophia
2162 1615 2412 1683 scripsit.-
2467 1614 2534 1666 de
2582 1613 2821 1668 Consola-

1763 1706 1913 1758 tione
1951 1705 1979 1759 Ι
2017 1706 2140 1767 219,
2173 1706 2254 1758 17.
2295 1704 2360 1756 (16
2397 1703 2552 1756 libris
2581 1703 2661 1755 De
2697 1703 2819 1770 legi-

1763 1777 1872 1847 bus'
1903 1794 1930 1846 1
1968 1796 2052 1859 59,
2097 1795 2177 1850 12.
2215 1793 2271 1846 11
2313 1793 2393 1856 10,
2428 1792 2509 1847 14.
2539 1791 2620 1844 De
2649 1799 2823 1844 natura

1767 1881 1987 1935 deorum
2034 1882 2062 1935 I
2108 1884 2157 1945 6,
2197 1880 2281 1936 20.
2323 1882 2407 1944 64,
2453 1881 2534 1934 14.
2572 1879 2629 1932 Π
2664 1881 2709 1943 6,
2749 1879 2822 1932 10.

1768 1972 1850 2025 17.
1898 1971 1981 2024 1)6
2030 1971 2224 2024 officiis
2270 1972 2298 2025 I
2345 1971 2466 2033 268,
2507 1971 2555 2023 5.
2594 1968 2711 2032 484,
2751 1968 2821 2021 13.

1762 2061 1886 2123 496,
1931 2061 1975 2114 1.
2014 2061 2098 2113 De
2145 2077 2202 2113 re
2250 2060 2469 2130 publica
2503 2058 2560 2111 Π
2598 2060 2644 2121 6,
2684 2060 2728 2112 9.
2766 2086 2819 2093 —-

1762 2150 2067 2202 sententiae
2103 2150 2219 2203 eius
2245 2149 2567 2218 probantur
2605 2145 2824 2200 laudan·

1767 2244 1953 2292 turae.-
1992 2237 2057 2291 de
2099 2239 2197 2291 deo
2235 2238 2262 2291 1
2304 2239 2386 2301 17,
2429 2238 2497 2290 14
2535 2253 2604 2289 sS.
2645 2234 2756 2297 238,
2781 2235 2822 2289 6.

1766 2325 1832 2379 (16
1888 2326 2231 2395 prouidentia
2283 2326 2311 2379 Ι
2368 2328 2418 2389 6,
2476 2327 2562 2380 21.
2623 2327 2704 2389 17,
2752 2324 2824 2378 16.

1770 2415 1888 2477 113,
1939 2416 1987 2468 3.
2037 2417 2161 2479 679,
2208 2416 2258 2468 8.
2305 2416 2481 2485 legem
2536 2414 2623 2468 dei
2672 2429 2821 2484 paene

1768 2502 1954 2556 diuina
1991 2520 2123 2557 uoce
2163 2502 2406 2574 depinxit
2432 2505 2462 2559 I
2490 2504 2610 2568 508,
2643 2505 2690 2557 6.
2719 2502 2821 2564 509,

1767 2592 1960 2648 8-15,
2011 2594 2132 2656 577,
2182 2594 2228 2645 7.
2280 2593 2345 2646 (16
2383 2594 2584 2646 notitia
2622 2593 2707 2646 dei
2737 2592 2820 2643 ho-

1764 2681 2000 2734 minibus
2040 2680 2170 2734 data
2207 2681 2235 2734 I
2273 2682 2393 2744 203,
2437 2683 2483 2734 7.
2524 2681 2823 2734 mirabiliter

1767 2770 1833 2823 de
1872 2770 2207 2823 conscientia
2246 2773 2302 2822 et
2340 2769 2441 2822 deo
2469 2770 2499 2823 I
2527 2772 2647 2833 575,
2685 2771 2729 2822 2.
2763 2767 2818 2820 (16

1766 2859 2043 2912 sacrificiis
2095 2857 2121 2911 1
2176 2859 2299 2922 486,
2360 2860 2441 2912 16.
2501 2858 2626 2911 deos
2679 2857 2823 2909 fuisse

1766 2948 2010 3001 homines
2057 2947 2085 3000 I
2132 2949 2217 3011 55,
2258 2948 2342 3000 27.
2394 2949 2481 3010 56,
2519 2948 2570 3002 4.
2618 2946 2699 3008 58,
2735 2945 2820 2997 3-

1768 3038 1852 3100 60,
1896 3038 1977 3090 12.
2020 3036 2086 3089 (16
2125 3035 2229 3088 diis
2270 3036 2656 3089 commenticiis
2691 3034 2716 3086 1
2750 3033 2823 3093 64,

1772 3127 1852 3179 10.
1895 3126 2018 3190 688,
2059 3126 2139 3177 11.
2201 3125 2266 3178 de
2303 3125 2538 3178 hominis
2579 3119 2826 3193 origineI

1771 3216 1889 3278 154,
1931 3217 1978 3269 9.
2017 3215 2265 3268 homines
2295 3212 2362 3266 ad
2393 3214 2659 3266 iustitiam
2694 3209 2823 3264 nasci

1766 3304 1794 3358 I
1832 3303 1953 3368 578,
1993 3305 2079 3357 24.
2118 3303 2174 3356 II
2215 3303 2331 3366 105,
2376 3304 2457 3356 12.
2511 3302 2576 3354 (16
2613 3299 2824 3354 homini-

1765 3393 1868 3446 bus
1907 3391 2283 3445 ad'iustitiam
2322 3390 2629 3444 erudiendis
2663 3389 2690 3441 I
2717 3387 2823 3449 484,

1767 3483 1816 3536 8.
1876 3482 1957 3535 12.
2011 3480 2077 3533 (16
2128 3480 2272 3533 iusto
2316 3479 2344 3532 I
2381 3480 2503 3541 546,
2545 3479 2595 3532 9.
2644 3491 2822 3530 morem

1769 3571 1985 3625 ciuilem
2030 3586 2138 3623 non
2188 3585 2306 3623 esse
2351 3569 2620 3622 iustitiam
2655 3567 2682 3619 I
2717 3565 2821 3633 504,

1768 3664 1815 3714 5.
1855 3659 2100 3712 homines
2139 3658 2310 3711 malos
2350 3672 2468 3709 esse
2506 3654 2823 3725 ignoratione

1766 3750 1900 3803 recti
1948 3765 2010 3802 ac
2055 3748 2186 3800 boni
2239 3746 2266 3798 I
2312 3747 2437 3808 423,
2488 3747 2537 3799 5.
2577 3743 2825 3797 hominem

1764 3838 1974 3891 homini
2011 3851 2206 3889 nocere
2245 3852 2354 3888 non
2389 3850 2551 3903 posse
2589 3833 2615 3886 Ι
2643 3832 2754 3893 519,
2784 3830 2823 3881 7.

1768 3926 1833 3980 de
1874 3924 2265 3994 aequabilitate
2302 3923 2330 3976 Ι
2366 3924 2491 3989 446,
2525 3924 2607 3976 19.
2646 3920 2706 3973 de
2743 3918 2824 3970 ob-

1764 4016 1967 4069 liuione
2031 4013 2349 4067 iniuriarum
2403 4011 2431 4065 1
2487 4012 2609 4073 553,
2664 4010 2707 4063 l.
2767 4005 2823 4058 de

1766 4104 1988 4158 humani
2026 4105 2238 4173 generis
2278 4101 2542 4155 societate
2580 4099 2608 4152 Ι
2634 4097 2749 4159 503,
2777 4096 2820 4148 6.

1768 4194 1956 4247 ciuiles
2002 4193 2147 4245 uiros
2195 4190 2575 4261 philosophiae
2614 4183 2825 4240 doctori-

1766 4282 1866 4334 bus
1925 4297 2040 4334 esse
2097 4279 2477 4349 praeferendos
2526 4278 2552 4331 Ι
2600 4276 2711 4337 224,
2748 4272 2821 4326 20.

1769 4369 1834 4423 (16
1894 4369 2220 4423 aeternitate
2278 4368 2490 4420 animae
2544 4367 2572 4420 Ι
2626 4364 2736 4426 612,
2783 4361 2826 4413 7.
