3132 5043
485 462 613 535 358

556 660 693 712 mino
724 660 780 712 in
812 659 997 728 Syriae
1027 656 1351 712 solitudines
1389 656 1637 725 relegata

555 752 764 818 patrem
828 747 1067 801 Βίοοὶείί
1084 762 1228 798 mum
1307 745 1635 799 calamitatis

552 854 687 891 suae
737 853 963 906 gnarum
1008 835 1156 897 facit,
1204 834 1408 888 frustra
1454 833 1520 887 ab
1572 850 1633 887 eo

555 926 836 996 repetitur,
885 925 1016 978 ibid.
1067 924 1190 986 221,
1228 924 1423 977 8-15.
1465 923 1633 987 (bello

556 1016 700 1068 inter
749 1014 1099 1067 Maximinum
1140 1014 1195 1065 et
1240 1011 1510 1065 Licinium
1549 1027 1635 1063 ex-

554 1104 699 1173 orto)
753 1120 870 1156 cum
920 1100 1213 1155 Maximino
1268 1117 1384 1153 esse
1439 1099 1634 1163 noluit,

555 1192 687 1245 ibid.
736 1194 863 1255 235,
914 1191 997 1245 16.
1045 1188 1363 1243 Maximinus
1412 1204 1529 1240 eam
1569 1204 1636 1240 ne

554 1286 680 1351 post
717 1280 904 1349 fugam
943 1278 1159 1349 quidem
1197 1294 1346 1331 suam
1388 1280 1505 1330 erat
1542 1294 1635 1329 au·

1534 465 1774 518 Index

1761 656 1789 709 Ι
1828 656 1913 719 51,
1953 657 2040 712 20.
2080 657 2146 710 de
2187 657 2408 728 sibyllis
2456 657 2706 727 librisque
2741 658 2810 711 Si-

1762 745 1982 814 byllinis
2032 746 2060 799 Ι
2109 747 2195 810 20,
2247 747 2439 810 9-22,
2495 748 2577 799 19.
2624 747 2809 808 23,15.

1763 834 1884 896 336,
1936 835 1985 888 3.
2035 836 2155 898 679,
2206 835 2470 898 23-680,
2518 836 2567 888 9.
2613 834 2666 887 II
2708 836 2809 897 124,

1761 924 1812 976 2.
1853 924 1903 977 5.
1945 922 2010 976 de
2049 922 2404 976 similitudine
2443 923 2501 975 in
2532 921 2813 990 corporibus

1761 1012 1993 1065 filiorum
2025 1011 2082 1066 ΙΙ
2109 1013 2197 1070 44.
2227 1013 2309 1067 16.
2348 1013 2467 1065 eius
2501 1010 2816 1078 uer-{loquitu

1765 1103 1930 1170 caput
1977 1100 2034 1154 11
2086 1101 2171 1164 20,
2226 1102 2272 1154 7.
2324 1100 2473 1154 frons
2523 1099 2580 1153 ΙΙ
2629 1098 2815 1163 28,12.

1763 1188 1952 1256 lingua
1990 1188 2046 1241 11
2084 1189 2168 1251 35,
2212 1188 2289 1241 18.
2333 1187 2529 1239 mulier
2554 1185 2610 1240 ΙΙ
2636 1187 2716 1248 46,
2745 1187 2815 1238 15.

1764 1277 1906 1329 oculi
1945 1277 1994 1329 H
2033 1277 2119 1339 32,
2159 1277 2243 1331 20.
2283 1277 2460 1329 rienes
2498 1275 2555 1328 II
2591 1276 2673 1339 48,
2710 1276 2783 1328 23.

558 1388 648 1424 sus
688 1371 947 1429 occidere,
986 1368 1118 1421 ibid.
1158 1368 1279 1429 235,
1310 1367 1359 1419 3.
1401 1368 1638 1418 extrema
1691 1368 1751 1421 P.
1790 1367 2054 1419 Vatienus
2092 1365 2118 1418 I
2161 1367 2279 1429 126,
2316 1367 2368 1421 4.

555 1461 672 1513 eius
710 1460 826 1513 fata
856 1460 910 1511 et
936 1474 1096 1523 mors,
1125 1454 1258 1510 ibid.
1288 1456 1410 1518 235,
1440 1455 1634 1507 3—11.

556 1549 679 1610 236,
728 1548 920 1601 6—11.
973 1543 1369 1599 Candidianum
1409 1560 1469 1595 ex
1509 1559 1636 1595 con-

556 1634 752 1687 cubina
782 1636 838 1700 (a
863 1633 1188 1686 Maximiano
1222 1632 1460 1699 Galerio)
1489 1632 1638 1700 geni-

556 1727 671 1775 tum
729 1723 797 1775 ob
857 1722 1204 1775 sterilitatem
1263 1721 1636 1789 adoptauerat,

553 1811 685 1867 ibid.
725 1813 847 1872 235,
888 1813 936 1865 5.
977 1810 1044 1863 cf.
1086 1808 1472 1865 candidianus,

482 1900 803 1953 Valerianus
840 1902 1156 1969 persecutor
1194 1899 1451 1952 ecclesiae
1490 1899 1543 1952 11
1580 1899 1646 1951 M·

561 1988 678 2051 178,
710 1989 790 2041 10.
822 2005 855 2040 a
880 1988 1061 2041 Persis
1101 1991 1307 2056 captuS,
1347 1987 1479 2041 ibid.
1514 1987 1633 2050 178,

559 2078 641 2130 15.
694 2078 812 2137 179,
864 2077 946 2131 15.
996 2076 1168 2144 Sapor
1211 2092 1301 2128 rex
1348 2075 1635 2129 Persarum

555 2166 793 2234 inposito
850 2163 987 2235 pede
1045 2180 1204 2234 super
1255 2164 1470 2217 dorsum
1521 2165 1636 2218 eius

554 2254 865 2307 uehiculum
912 2256 1008 2307 aut
1054 2269 1246 2321 equum
1289 2252 1633 2317 ascendebat,

555 2341 688 2396 ibid.
734 2342 851 2407 178,
896 2343 976 2396 17.
1022 2342 1138 2404 183,
1184 2342 1266 2396 10.
1307 2359 1338 2395 a
1375 2343 1487 2396 filio
1525 2360 1636 2395 non

556 2432 839 2500 repetituS,
879 2430 1011 2484 ibid.
1056 2431 1172 2495 179,
1207 2432 1251 2483 1.
1290 2434 1502 2483 mortuo
1541 2430 1634 2484 de—

555 2523 709 2590 repta
743 2519 882 2573 cutis
923 2524 978 2573 et
1014 2518 1219 2574 infecta
1256 2520 1416 2573 rubro
1458 2520 1635 2574 colore

555 2610 612 2662 in
649 2609 852 2678 templo
893 2608 1243 2662 barbarorum
1282 2608 1503 2662 deorum
1540 2627 1635 2679 po-

557 2699 679 2762 sita,
719 2697 849 2750 ibid.
893 2699 1010 2760 179,
1047 2697 1098 2750 4.

482 2787 575 2856 [L.
614 2787 862 2839 Valerius
899 2785 927 2838 Ι
966 2787 1053 2850 22,
1097 2787 1205 2854 14.]

485 2875 549 2930 0.
586 2875 838 2928 Terentio
867 2875 1096 2927 Varroni
1124 2875 1258 2927 Iuno
1289 2875 1430 2928 irata
1457 2875 1485 2927 Ι
1516 2875 1634 2938 170,

558 2963 644 3019 20.
701 2964 867 3016 Varro
927 2964 1072 3032 apud
1129 2962 1339 3018 Cannas
1398 2965 1576 3018 euasit
1611 2964 1639 3017 I

564 3054 683 3116 171,
723 3055 770 3108 5.

482 3142 557 3196 Μ.
588 3141 773 3205 Varro,
805 3158 909 3209 quo
947 3157 1105 3194 nemo
1134 3158 1387 3210 umquam
1426 3141 1639 3195 doctior

557 3247 626 3283 ne
684 3230 825 3299 apud
877 3229 1107 3283 Graecos
1166 3231 1381 3298 quidem
1437 3231 1576 3284 uixit
1611 3231 1638 3283 1

559 3321 644 3382 20,
684 3321 732 3372 9.
774 3319 889 3372 eius
927 3319 1054 3372 libri
1092 3320 1288 3372 Rerum
1331 3319 1635 3373 diuinarum

559 3408 628 3462 ad
677 3409 734 3463 C.
784 3408 1066 3463 Caesarem
1114 3408 1303 3478 scripti
1349 3409 1377 3462 Ι
1424 3409 1509 3474 20,
1551 3409 1634 3462 10.

558 3498 748 3551 scribit
793 3497 862 3551 ad
903 3497 1212 3551 Ciceronem
1250 3496 1304 3549 ΙΙ
1343 3498 1429 3560 20,
1469 3499 1519 3553 8.
1571 3497 1635 3550 de

557 3603 734 3640 rerum
788 3590 984 3640 natura
1038 3586 1284 3639 uersibus
1342 3587 1558 3654 scripsit
1610 3587 1637 3639 I

562 3678 681 3739 156,
712 3678 761 3730 5.
803 3676 917 3728 eius
956 3674 1021 3728 de
1061 3677 1241 3728 anima
1279 3678 1551 3728 sententia
1581 3676 1638 3728 II

553 3767 644 3827 56,
695 3766 742 3818 7.
794 3765 1161 3834 argumentari
1206 3765 1354 3816 nisus
1404 3767 1503 3829 est,
1544 3782 1638 3819 eur

1691 1456 1841 1508 Veiis
1881 1457 2051 1525 captis
2090 1456 2118 1509 Ι
2158 1456 2278 1519 126,
2317 1456 2365 1508 9.
2405 1454 2541 1507 Iuno
2580 1453 2763 1506 Veiens
2795 1452 2816 1504 Ι

1767 1545 1885 1607 169,
1928 1545 2012 1598 12.

1693 1649 1832 1687 uena
1871 1633 2125 1701 genitalis
2163 1632 2220 1685 ΙΙ
2254 1632 2342 1695 43,
2383 1632 2467 1684 15.
2506 1631 2563 1684 in
2602 1629 2817 1683 maribus

1767 1722 1962 1792 duplex
2007 1722 2064 1775 ΙΙ
2108 1722 2198 1783 43.
2239 1723 2286 1774 7.
2335 1737 2508 1773 uenae
2557 1719 2817 1773 seminales

1765 1810 1902 1864 duae
1939 1810 1996 1863 II
2032 1812 2121 1875 43,
2163 1810 2244 1863 10.
2286 1810 2369 1863 12.
2410 1840 2477 1848 -
2516 1825 2684 1862 uenae
2720 1824 2817 1861 cor·

1762 1901 1911 1970 poris
1948 1900 2005 1954 11
2041 1900 2126 1963 24,
2171 1899 2252 1953 18.

1693 1990 2030 2053 uenationes,
2090 2004 2229 2057 quae
2284 1989 2552 2040 uocantur
2604 2002 2819 2046 munera,

1766 2079 1999 2133 Saturno
2039 2081 2168 2130 sunt
2205 2075 2503 2130 attributae
2540 2075 2568 2128 I
2604 2074 2719 2137 561,
2750 2075 2819 2126 14.

1692 2171 1885 2220 uenter
1929 2167 1985 2221 ΙΙ
2031 2168 2116 2228 25,
2157 2168 2206 2221 6.
2248 2167 2333 2228 35,
2378 2166 2462 2218 17.
2501 2163 2587 2227 38,
2630 2163 2707 2217 13.
2742 2161 2816 2214 21.

1764 2258 1849 2320 39,
1893 2258 1938 2313 1.
1982 2257 2063 2309 11.
2109 2256 2191 2311 13.
2239 2256 2599 2324 purgamenta
2635 2251 2818 2305 uentris

1763 2346 1817 2400 11
1855 2347 1941 2410 42,
1983 2347 2066 2399 10.

1693 2436 1845 2489 uenti
1882 2435 1938 2488 11
1981 2435 2098 2498 100,
2136 2433 2225 2488 20.

1692 2527 1874 2579 Venus
1906 2525 2007 2578 dea
2034 2523 2197 2588 nuda,
2218 2520 2359 2592 apud
2389 2521 2519 2575 deos
2548 2518 2819 2589 prostituta

1764 2616 1792 2669 I
1828 2616 1951 2677 432,
2014 2615 2095 2669 19.
2154 2613 2268 2666 eius
2326 2610 2634 2664 obscenitas
2679 2608 2705 2660 Ι
2746 2608 2819 2671 65,
2905 2599 2908 2604 ⁴

1768 2705 1850 2757 14.
1891 2705 1978 2767 66,
2018 2704 2067 2757 3.
2107 2701 2229 2766 682,
2268 2700 2352 2754 81.
2396 2699 2576 2752 Venus
2615 2700 2668 2751 et
2694 2696 2819 2749 Mars

1764 2794 1791 2846 I
1830 2794 1916 2855 34,
1955 2792 2006 2845 8.
2045 2791 2167 2854 682,
2219 2792 2268 2844 5.
2323 2805 2457 2858 quos
2510 2804 2573 2840 ex
2622 2787 2819 2839 deorum

1764 2882 2147 2950 hominumque
2186 2878 2388 2947 stupris
2419 2876 2669 2946 genuerit
2692 2874 2717 2926 1
2744 2874 2817 2934 65,

1770 2971 1833 3024 16
1873 2988 1941 3022 ss,
1980 2969 2104 3034 682,
2145 2968 2227 3022 10.
2267 2970 2439 3021 artem
2486 2963 2818 3018 meretriciam

1763 3061 1819 3112 in
1875 3060 2048 3128 Cypro
2100 3056 2343 3111 instituit
2392 3055 2419 3108 Ι
2470 3055 2555 3116 65,
2595 3054 2675 3107 20.
2712 3050 2816 3107 682.

1764 3151 1850 3202 22.
1906 3149 2090 3201 Venus
2145 3147 2368 3199 Armata
2420 3144 2450 3197 Ι
2503 3143 2594 3206 77,
2633 3143 2680 3196 5.
2718 3140 2814 3193 eius

1765 3235 1925 3290 aedes
1963 3235 1990 3288 1
2028 3235 2112 3299 77,
2152 3235 2201 3287 3.
2243 3231 2410 3287 Calua
2447 3232 2475 3285 Ι
2514 3233 2597 3295 77,
2636 3231 2682 3283 6.
2719 3228 2814 3281 eius

1765 3324 1925 3378 aedes
1961 3323 1989 3376 Ι
2037 3325 2122 3386 76,
2178 3323 2263 3376 14.
2313 3321 2435 3384 686,
2489 3321 2576 3374 23.
2623 3316 2815 3387 Paphos

1766 3429 1883 3466 eam
1932 3411 2100 3464 coluit
2136 3409 2163 3462 Ι
2201 3411 2285 3471 56,
2328 3410 2412 3462 19.
2454 3424 2486 3461 a
2540 3404 2815 3475 uirginibus

1763 3518 1941 3571 pupae
1982 3500 2032 3553 ei
2070 3498 2303 3552 donatae
2333 3498 2360 3550 I
2393 3496 2536 3566 [109,
2566 3495 2672 3562 20.]
2712 3492 2813 3553 110,

1763 3592 1814 3644 2.
1854 3589 2051 3642 Veneri
2088 3587 2330 3640 seruiens
2376 3586 2404 3640 Ι
2452 3587 2571 3649 193,
2609 3588 2658 3638 4.
2694 3597 2816 3636 mors

1764 3678 1848 3731 illi
1885 3677 2068 3730 Venus
2109 3679 2193 3729 cst
2226 3676 2284 3729 ΙΙ
2320 3675 2403 3728 Ph
2434 3677 2556 3738 147,
2588 3674 2700 3728 165.
2726 3671 2815 3723 Ve-

1761 3767 1906 3819 neris
1945 3765 2164 3818 foedera
2200 3764 2255 3819 II
2293 3765 2374 3818 Ph
2415 3766 2537 3829 146,
2578 3749 2691 3818 164.

557 3856 880 3922 putarentur
915 3854 1127 3924 antiqui
1163 3854 1311 3907 mille
1350 3871 1516 3907 annos
1555 3856 1635 3908 ui·
1693 3857 2028 3909 ueneriarum
2066 3870 2243 3907 rerum
2279 3853 2537 3906 libidines
2573 3853 2629 3905 in
2663 3851 2816 3903 iecore

559 3944 783 3996 ctitasse
839 3943 867 3996 Ι
927 3945 1045 4010 159,
1106 3944 1188 3996 10.
1249 3944 1365 4007 160,
1431 3945 1509 3998 10.
1571 3945 1636 3998 de

1765 3945 2111 3999 continentur
2148 3944 2205 3998 II
2240 3944 2328 4006 49,
2368 3942 2416 3995 9.
2462 3942 2542 3993 17.

560 4032 738 4100 capite
767 4032 822 4085 II
851 4034 936 4096 20,
979 4035 1026 4087 7.
1067 4033 1133 4086 de
1173 4036 1436 4103 conceptu
1464 4034 1519 4086 Π
1546 4035 1634 4099 44,
1691 4033 1859 4088 uerba
1915 4032 2056 4086 unde
2111 4034 2427 4100 nuncupata
2481 4031 2593 4083 sint
2644 4028 2697 4080 II
2740 4025 2813 4084 50,

556 4124 610 4173 5.
650 4120 716 4172 de
754 4122 940 4175 Fauna
978 4123 1005 4175 I
1043 4123 1128 4186 89,
1170 4125 1252 4177 16.
1294 4122 1359 4175 de
1396 4123 1542 4175 Iouis
1583 4127 1637 4175 et

1766 4125 1849 4178 11.
1889 4121 2157 4191 quomodo
2185 4122 2323 4174 fiant
2351 4120 2409 4174 II
2437 4121 2523 4184 35,
2554 4121 2602 4174 5.
2630 4117 2713 4179 40,
2744 4112 2812 4167 18.

560 4209 783 4262 Iunonis
819 4212 1025 4279 nuptiis
1053 4213 1079 4264 1
1110 4213 1196 4278 65,
1226 4211 1274 4264 8.
1316 4212 1381 4265 de
1419 4213 1635 4265 homine
1691 4211 1966 4280 Vergilius
1995 4211 2144 4263 Maro
2182 4211 2350 4279 poeta
2375 4209 2633 4262 maximus
2658 4206 2685 4258 I
2711 4203 2812 4263 108,

559 4297 616 4348 in
664 4298 901 4352 Tiberim
958 4300 1167 4353 deiecto
1223 4302 1250 4354 I
1298 4302 1381 4364 79,
1435 4302 1514 4354 18.
1570 4300 1635 4354 de

556 4386 720 4438 Samo
777 4389 955 4442 insula
993 4389 1019 4441 Ι
1058 4392 1143 4453 65,
1184 4390 1231 4443 8.
1275 4389 1340 4443 de
1400 4389 1633 4443 Saturno

1764 4303 1811 4353 9.
1840 4317 2078 4353 summus
2100 4299 2127 4352 Ι
2149 4300 2235 4361 71,
2265 4299 2351 4353 21.
2388 4299 2508 4361 196,
2542 4298 2621 4350 ll.
2650 4297 2812 4347 noster

1761 4389 1912 4442 Maro
1951 4389 1979 4442 Ι
2016 4390 2102 4453 52,
2142 4389 2192 4442 8.
2233 4388 2355 4452 678,
2398 4388 2481 4441 16.
2532 4383 2811 4455 ῐιοιι,1οη3(3
