3132 5043
160 52 751 367 s

499 467 637 530 326

558 656 931 718 minabantur,
997 654 1126 709 ibid.
1196 656 1316 715 223,
1388 655 1467 707 16.
1538 656 1652 707 eius
1711 680 1718 686 ·

571 763 747 799 mores
786 745 916 798 ibid.
962 746 1079 809 193,
1126 746 1188 797 17
1228 762 1269 797 ε.
1312 746 1381 797 24
1420 761 1488 796 ss.

500 835 853 887 Maximianus
902 834 1217 899 (Galerium
1268 848 1544 900 nusquam
1590 834 1653 885 in

573 924 712 977 libro
757 923 845 976 De
890 922 1102 976 mortib.
1140 928 1408 989 persecut.
1454 938 1653 974 nomen
1697 947 1703 952 -

573 1012 818 1066 Galerius
858 1018 961 1065 est.-
999 1012 1296 1065 obseruant
1321 1011 1500 1073 Seeck,
1531 1012 1649 1062 An-

570 1103 686 1155 nal.
704 1102 902 1169 philol.
935 1101 1045 1154 ποῖ.
1068 1105 1170 1153 141
1203 1103 1408 1167 (1890)
1430 1118 1489 1167 p.
1528 1102 1650 1162 618,

571 1197 620 1244 et
645 1191 880 1253 Dessau,
907 1191 1136 1243 Hermes
1173 1191 1281 1243 uol.
1325 1193 1403 1241 27
1442 1191 1650 1255 (1892)

568 1298 620 1349 p.
660 1284 777 1335 566
816 1282 947 1333 adn.
989 1286 1035 1347 1,
1074 1297 1246 1333 unum
1289 1296 1487 1332 nomen
1545 1277 1650 1332 Ga-

571 1372 735 1424 lerius
777 1371 933 1438 apud
967 1371 1257 1437 seriptores
1281 1369 1420 1421 etin
1458 1385 1650 1421 monu-

570 1461 765 1513 mentis
818 1460 975 1512 illius
1033 1459 1235 1511 aetatis
1289 1474 1404 1511 non
1442 1464 1646 1519 exstare,

569 1549 666 1601 sed
704 1554 804 1603 aut
840 1566 1012 1601 unum
1059 1564 1255 1600 nomen
1291 1547 1650 1599 Maximianus

574 1642 673 1689 aut
711 1637 826 1688 tria
862 1636 1093 1688 nomina
1124 1634 1372 1688 Galerius
1401 1634 1650 1687 Valerius

570 1725 922 1777 Maximianus
951 1725 1265 1792 usurpari):
1297 1724 1651 1777 Maximianus

570 1831 766 1866 nomen
816 1814 864 1866 ei
913 1831 944 1866 a
989 1814 1332 1866 Diocletiano
1375 1813 1556 1866 datum
1597 1814 1651 1867 ΙΙ

570 1904 627 1955 M
704 1905 822 1967 194,
900 1901 981 1956 10.
1058 1903 1196 1955 alter
1276 1903 1649 1966 Maximianus,

570 1991 701 2045 ibid.
746 1992 863 2054 182,
906 1993 987 2045 16.
1037 1991 1159 2054 208,
1201 1993 1247 2044 7.
1294 1991 1650 2043 Maximianus

573 2080 787 2143 Caesar,
827 2080 956 2133 ibid.
1001 2081 1118 2143 184,
1151 2082 1235 2134 23.
1268 2079 1483 2142 Caesar,
1515 2080 1648 2133 ibid.

572 2171 691 2233 183,
745 2171 825 2224 18.
881 2170 1000 2233 186,
1053 2172 1099 2223 7.
1149 2172 1197 2223 9.
1242 2172 1358 2232 187,
1405 2170 1485 2223 14.
1532 2170 1648 2233 188,

571 2262 618 2312 5.
663 2261 744 2313 10.
789 2260 906 2324 191,
947 2260 1031 2311 16.
1076 2260 1193 2321 192,
1235 2260 1283 2313 3.
1323 2263 1496 2311 mater
1534 2259 1649 2311 eius

568 2349 800 2402 Romula
837 2347 1331 2412 Transdanuuiana,
1362 2348 1494 2400 ibid.
1530 2349 1647 2411 183,

572 2440 596 2491 1
653 2456 693 2491 s,
743 2439 827 2491 22.
885 2437 1002 2501 185,
1059 2438 1252 2492 4-10.
1311 2438 1426 2490 eius
1480 2437 1650 2504 figura

570 2528 822 2597 corporiS‚
861 2527 992 2579 ibid.
1036 2527 1152 2590 183,
1193 2529 1241 2581 2.
1286 2528 1403 2589 197,
1443 2528 1493 2579 4.
1533 2543 1648 2579 mo-

567 2633 670 2679 reS,
708 2616 839 2670 ibid.
884 2617 1001 2679 182,
1045 2616 1271 2669 17-19.
1317 2617 1433 2678 183,
1472 2617 1521 2668 4.
1565 2617 1647 2669 17.

573 2707 690 2770 185,
749 2707 796 2758 8.
856 2723 1146 2784 purpuram
1206 2709 1295 2772 (sc,
1368 2706 1646 2772 Caesaris)

568 2795 686 2847 loco
754 2794 982 2863 quodam
1048 2811 1215 2863 prope
1272 2795 1649 2847 Nicomediam

573 2884 680 2935 sito
711 2889 1029 2950 sumpserat,
1052 2883 1182 2937 ibid.
1217 2884 1333 2946 194,
1366 2885 1449 2938 24.
1483 2901 1650 2952 gener

570 2971 917 3035 Diocletiani,
967 2971 1097 3027 ibid.
1151 2973 1268 3035 182,
1312 2974 1393 3026 16.
1436 2973 1555 3034 206,
1598 2975 1646 3026 3.

572 3060 638 3113 cf.
678 3060 910 3112 Valeria.
953 3092 1018 3099 —
1057 3062 1372 3114 Maximiani
1422 3079 1482 3114 ex
1522 3079 1647 3114 con·

1050 3148 1447 3213 Candidianus‚
1514 3151 1646 3203 ibid.

567 3237 690 3301 235,
750 3240 809 3292 5:
867 3238 932 3291 cf.
994 3237 1374 3292 CandidianuS.
1434 3270 1498 3278 —
1559 3257 1651 3293 cur

567 3327 907 3380 Diocletiano
944 3329 1118 3380 metui
1154 3328 1336 3388 fuerit,
1362 3328 1493 3380 ibid.
1529 3329 1646 3391 183,

568 3416 759 3468 5-26.
792 3414 995 3468 deuicit
1021 3416 1285 3469 Narseum
1315 3433 1497 3485 regem
1516 3416 1647 3468 Pcr-

571 3520 765 3566 sarum,
804 3504 933 3560 ibid.
987 3504 1105 3568 183,
1157 3506 1348 3560 7—16.
1402 3506 1519 3570 196,
1563 3506 1646 3558 16.

567 3596 696 3660 post
766 3593 905 3646 hanc
978 3594 1260 3646 uictoriam
1334 3595 1389 3646 in
1464 3596 1647 3647 tantos

568 3681 742 3733 fastus
782 3682 1026 3735 eleuatus
1073 3686 1175 3746 est,
1211 3686 1274 3735 ut
1320 3683 1649 3736 detrectaret

569 3770 812 3825 Caesaris
868 3789 1089 3825 nomen:
1157 3772 1347 3826 exinde
1412 3774 1646 3826 insolen-

567 3860 775 3912 tissime
833 3877 893 3913 ex
947 3861 1121 3914 Marte
1188 3879 1244 3914 se
1305 3865 1647 3930 procreatum

569 3947 785 4001 dicebat
802 3951 1078 4017 tamquam
1097 3951 1325 4003 alterum
1341 3952 1647 4014 Romulum,

566 4036 697 4089 ibid.
734 4037 851 4100 183,
887 4039 1108 4092 17—23.
1143 4039 1449 4107 quindecim
1480 4057 1647 4093 annos

570 4141 688 4177 cum
716 4124 957 4179 barbaris
978 4127 1034 4179 in
1054 4127 1267 4197 Illyrico
1290 4133 1645 4198 pugnauerat‚

569 4212 702 4266 ibid.
746 4216 863 4280 193,
902 4219 952 4270 5.
991 4220 1235 4287 tempore
1285 4219 1646 4271 uicennalium

567 4302 899 4356 Diocletiani
935 4322 1068 4373 gens
1113 4307 1342 4358 barbara
1381 4323 1411 4359 a
1452 4305 1646 4359 Gothis

568 4391 724 4459 pulsa
748 4392 810 4443 ei
850 4409 905 4445 se
943 4393 1187 4458 tradidit,
1226 4394 1356 4448 ibid.
1398 4395 1519 4459 218,
1563 4396 1642 4449 15.

572 3148 767 3202 cubina
831 3150 972 3202 tilius

1559 462 1797 515 Index

1783 654 1895 707 eius
1955 672 2119 723 gener
2173 656 2493 717 MaxentiuS,
2550 657 2674 710 ibid.
2726 660 2825 725 193,

1786 745 1867 797 13.
1911 746 2032 809 202,
2076 747 2156 798 17.
2198 745 2391 799 Daiam
2440 746 2652 799 affinem
2696 766 2827 802 suum

1781 832 1847 885 de
1895 850 1991 886 suo
2040 835 2256 887 nomine
2302 836 2646 889 Maximinum
2698 855 2828 891 uoca-

1780 925 1949 985 uerat,
2009 922 2141 977 ibid.
2202 925 2318 988 194,
2358 925 2409 977 8.
2450 925 2504 977 in
2541 926 2827 995 Bithyniam

1779 1012 1949 1075 uenit,
2017 1016 2078 1064 ut
2138 1012 2541 1066 Diocletianum
2607 1014 2671 1067 ad
2729 1033 2828 1084 per-

1780 1100 2085 1169 sequendos
2150 1101 2489 1156 Christianos
2552 1104 2829 1173 instigaret,

1778 1190 1910 1243 ibid.
1956 1190 2072 1253 184,
2113 1193 2196 1244 23.
2245 1191 2516 1244 nefandae
2565 1195 2830 1262 persecuti-

1779 1280 1895 1331 onis
1929 1284 2131 1342 auctor,
2155 1280 2284 1332 ibid.
2310 1280 2433 1343 208,
2465 1285 2510 1334 7.
2544 1282 2656 1334 eius
2676 1298 2830 1350 perse-

1780 1369 2011 1420 cutionis
2047 1385 2223 1432 causa,
2255 1368 2593 1432 deliberatio,
2623 1369 2831 1433 initium,

1778 1457 1909 1509 ibid.
1984 1458 2100 1521 185,
2155 1457 2382 1521 2-186,
2459 1459 2543 1511 10.
2610 1459 2721 1527 ipse
2786 1461 2830 1512 in

1777 1546 2109 1599 Diocletiani
2181 1548 2555 1615 persecutione
2624 1545 2830 1601 Christi-

1780 1652 2000 1688 anorum
2061 1636 2233 1704 qualis
2290 1636 2470 1700 fuerit,
2536 1635 2666 1689 ibid.
2728 1636 2827 1699 186,

1778 1725 1862 1777 21.
1929 1725 2045 1786 187,
2119 1726 2378 1788 14-188,
2451 1726 2530 1778 10.
2598 1725 2831 1793 relinquit

1779 1814 2168 1874 Nicomediam,
2208 1813 2338 1866 ibid.
2383 1814 2501 1876 188,
2534 1816 2582 1866 9.
2624 1814 2729 1865 eius
2762 1830 2828 1865 re-

1779 1904 1924 1956 ditus
1991 1906 2318 1972 expectatur,
2384 1902 2515 1955 ibid.
2586 1904 2696 1965 191,
2759 1904 2826 1954 16.

1779 1993 1919 2045 redit
1983 1991 2373 2054 Nicomediam,
2440 1991 2571 2044 ibid.
2630 1992 2738 2055 192,
2785 1992 2828 2042 3.

1780 2081 2091 2133 conflixerat
2139 2097 2311 2149 nuper
2362 2097 2481 2133 cum
2534 2080 2829 2132 Maximiano

1778 2168 2076 2239 (Herculio)
2118 2172 2209 2237 (sc.
2236 2174 2300 2221 ut
2327 2169 2415 2221 hic
2441 2168 2665 2237 imperio
2701 2167 2832 2221 cede-

1777 2262 1879 2324 ret)
1941 2275 2167 2327 eumque
2222 2261 2507 2321 terruerat,
2563 2257 2687 2310 ibid.
2725 2257 2833 2321 192,

1777 2351 1826 2402 4.
1871 2349 1988 2411 193,
2030 2350 2060 2400 9
2112 2365 2152 2400 s,
2205 2348 2317 2400 eius
2370 2347 2687 2416 colloquium
2726 2362 2833 2398 cum

1776 2436 2141 2497 Diocletiano,
2165 2453 2269 2503 quo
2290 2437 2434 2488 hunc
2455 2436 2602 2504 cogit
2628 2436 2831 2503 imperio

1780 2525 1967 2579 cedere
2032 2528 2195 2593 atque
2255 2525 2514 2578 Seuerum
2578 2527 2632 2577 et
2681 2524 2831 2576 Maxi-

1776 2615 1981 2667 minum
2048 2613 2302 2668 Caesares
2366 2615 2655 2676 nominare,
2714 2612 2831 2665 ibid.

1781 2704 1898 2765 192,
1952 2705 2181 2766 4—194,
2245 2704 2324 2756 18.
2382 2708 2663 2771 utrumque
2716 2719 2832 2770 quo-

1776 2793 1935 2846 modo
1990 2793 2193 2847 factum
2260 2795 2348 2856 sit,
2404 2792 2537 2846 ibid.
2602 2793 2711 2854 194,
2778 2792 2833 2844 19

1776 2882 2154 2951 (Maximianus
2210 2884 2295 2935 24.
2358 2884 2476 2945 195,
2534 2885 2586 2949 6)
2627 2912 2688 2919 -—
2725 2883 2834 2942 195,

1781 2970 1861 3023 18.
1903 2971 2180 3023 Maximini
2224 2974 2313 3034 (sc.
2354 2976 2417 3023 ut
2452 2970 2701 3024 Caesaris
2733 2970 2833 3035 sui)

1776 3061 1934 3126 pater
1974 3062 2056 3126 (ut
2095 3060 2420 3127 Auqustus),
2460 3059 2590 3111 ibid.
2617 3060 2834 3120 219,13.

1775 3152 2063 3218 postquam
2102 3148 2319 3201 senibus
2370 3153 2460 3214 (sc.
2502 3148 2835 3201 Diocletiano

1777 3244 1827 3291 et
1875 3238 2237 3291 Maaimiano
2288 3238 2581 3303 Herculio)
2623 3239 2834 3306 expulsis

1777 3327 1922 3395 quod
1970 3328 2145 3380 uoluit
2191 3328 2384 3390 effecit,
2435 3344 2492 3381 se
2539 3328 2641 3379 iam
2682 3326 2835 3379 solum

1773 3418 1946 3469 totius
1986 3417 2130 3469 orbis
2170 3416 2442 3469 dominum
2471 3416 2695 3479 ferebat,
2720 3414 2835 3468 ibid.

1781 3507 1896 3568 195,
1943 3508 2023 3560 19.
2084 3505 2313 3575 adeptus
2369 3506 2655 3558 maximam
2699 3509 2834 3574 pote-

1779 3598 1972 3648 statem
2017 3597 2074 3659 (i.
2116 3613 2156 3651 e.
2201 3596 2375 3648 locum
2413 3596 2689 3664 Auyustt),
2719 3592 2834 3646 ibid.

1779 3685 1896 3746 196,
1941 3685 2021 3738 14.
2061 3688 2349 3754 postquam
2387 3700 2580 3736 nomen
2630 3683 2837 3751 impera-

1773 3774 1909 3825 toris
1958 3774 2015 3838 (i.
2056 3789 2096 3826 e.
2138 3773 2396 3842 Auyusti)
2451 3772 2660 3840 accepit
2696 3773 2836 3824 exuto

1775 3879 1956 3915 socero
2014 3861 2402 3930 (Diocletiano)
2453 3861 2631 3914 furere
2679 3858 2839 3927 coepit

1777 3956 1831 4004 et
1890 3954 2232 4005 contemnere
2291 3951 2485 4014 omnia,
2543 3949 2674 4002 ibid.
2731 3947 2837 4010 183,

1776 4042 1859 4094 24.
1884 4045 1946 4093 ut
1965 4058 2163 4093 nomen
2184 4040 2526 4109 imperatoris
2559 4039 2836 4107 acceperat,

1773 4131 1988 4183 hostem
2047 4147 2103 4183 se
2159 4130 2388 4182 Romani
2438 4129 2671 4181 nominis
2724 4142 2835 4197 pro-

1774 4219 1948 4271 fessus
1990 4222 2087 4282 est,
2130 4219 2280 4272 cuius
2327 4218 2550 4270 titulum
2599 4215 2839 4270 inmutari

1773 4307 2012 4370 uolebat,
2031 4311 2094 4360 ut
2116 4324 2225 4360 non
2240 4308 2544 4360 Romanum
2573 4306 2839 4375 imperium

1775 4397 1867 4449 sed
1891 4398 2178 4450 Daciscum
2210 4397 2701 4465 cognominaretur,
2721 4391 2839 4447 ibid.
