3132 5043
889 463 1296 515 rerumque
1353 449 2054 517 grammaticarum.
2497 459 2629 522 443

295 638 671 708 gloriabundus
710 639 737 692 Ι
774 641 895 703 442,
931 644 975 693 1.
1014 639 1068 692 11
1107 641 1159 693 M
1190 641 1312 698 207.
1348 642 1424 696 18.

292 726 502 795 gloriari
540 743 582 781 c,
626 728 736 783 abl.
765 728 793 781 Ι
821 729 908 791 94,
938 729 986 782 3.
1026 730 1149 792 252,
1184 729 1266 784 10.
1303 731 1426 793 445,

359 815 437 867 19.
478 814 543 867 de
586 815 639 869 11
676 818 762 879 69,
806 818 850 870 1.
896 818 1011 878 124,
1053 820 1102 871 5.
1150 835 1190 873 e.
1233 835 1343 874 acc.
1383 834 1424 871 c.

356 904 455 971 inf.
494 916 620 967 (om.
654 906 793 975 esse)
822 905 848 958 1
879 908 1000 964 727.
1036 908 1098 960 13
1129 907 1217 977 (cs.
1249 908 1273 960 1
1304 908 1422 971 717,

357 991 461 1060 15).
501 993 552 1046 11
591 993 678 1055 68,
717 996 766 1051 2.

287 1081 518 1149 gloriosa
563 1081 829 1137 confessio
868 1083 922 1136 11
958 1084 1015 1137 M
1058 1085 1176 1149 171,
1213 1084 1262 1138 8.
1307 1086 1424 1149 189,

352 1171 434 1224 23.
493 1187 662 1239 comp.
720 1172 747 1225 Ι
797 1173 847 1232 3.
897 1175 944 1229 2.
1000 1173 1204 1241 superl.
1263 1174 1316 1226 ΙΙ
1371 1174 1424 1226 Μ

352 1261 471 1323 190,
513 1262 594 1314 14.

285 1366 475 1418 gnarus
514 1349 698 1420 (coni.)
734 1349 791 1403 ΙΙ
827 1350 882 1403 Μ
920 1351 1042 1413 221,
1083 1354 1130 1407 9.

285 1439 494 1506 gracilis
534 1456 636 1492 uox
672 1439 729 1493 11
765 1442 852 1501 45,
892 1440 976 1494 20.

284 1528 545 1595 gradatim
582 1529 636 1581 11
671 1529 758 1591 48,
804 1530 882 1584 10.
929 1531 1011 1593 74,
1057 1532 1102 1584 1.

284 1616 430 1684 gradi
475 1617 504 1670 I
553 1618 674 1679 210,
726 1619 807 1672 19.
865 1620 986 1683 302,
1039 1620 1118 1676 12.
1176 1621 1298 1684 330,
1341 1622 1420 1673 15.

348 1707 469 1767 334,
520 1709 567 1761 7.
614 1708 738 1770 378,
776 1709 861 1763 20.
902 1710 987 1763 23.
1035 1710 1156 1773 381,
1198 1713 1246 1765 9.
1297 1712 1421 1775 491,

347 1796 395 1848 2.
445 1796 568 1859 540,
607 1796 656 1850 8.
706 1798 827 1860 631,
868 1798 917 1852 8.
967 1800 1087 1863 735,
1130 1801 1177 1852 7.
1232 1799 1288 1852 ΙΙ
1339 1801 1421 1864 19,

346 1884 428 1937 21.
487 1885 574 1945 20,
629 1887 708 1941 15.
757 1887 843 1950 34,
895 1889 974 1940 11.
1031 1905 1128 1957 per
1182 1889 1422 1942 ordinem

346 1974 597 2042 gradiens
636 1975 665 2028 Ι
702 1976 823 2040 210,
867 1977 948 2030 19.

281 2062 495 2131 gradus:
538 2064 727 2118 eodem
763 2065 936 2133 gradu
978 2067 1246 2135 proximus
1280 2067 1304 2119 I
1336 2068 1419 2122 93.

345 2153 391 2204 9.
421 2152 664 2221 dispares
684 2154 871 2208 multis
900 2155 1156 2223 gradibus
1176 2155 1420 2209 homines

344 2239 369 2292 l
403 2242 527 2305 447,
566 2242 645 2297 10.
686 2261 782 2312 per
816 2243 1016 2313 gradus
1046 2243 1114 2297 ad
1144 2261 1261 2297 88111
1299 2261 1416 2297 sen·

343 2330 570 2383 tentiam
612 2331 894 2385 descendit
929 2332 956 2385 I
996 2333 1114 2397 753,
1154 2334 1238 2386 22.

271 2417 476 2484 yradus
504 2422 967 2487 comparationis:
1002 2422 1420 2489 comparatiuus

333 2524 437 2575 pro
460 2508 738 2574 positiuo:
781 2509 943 2579 digiti
972 2511 1206 2580 speciem
1244 2511 1417 2580 magis

342 2614 498 2665 quarn
548 2615 702 2652 usum
751 2600 1008 2654 maiorem
1053 2598 1416 2669 praeferentes

338 2684 516 2744 1148.
555 2689 606 2742 9.
663 2705 787 2758 pars
833 2694 1010 2743 terrae
1057 2690 1185 2743 80118
1239 2690 1415 2743 calore

338 2775 536 2840 (ablat.
574 2778 850 2845 instrum.)
889 2778 1206 2847 flagrantior
1237 2778 1264 2830 1
1297 2780 1414 2842 143,

340 2864 419 2916 11.
496 2865 568 2933 cf.
635 2865 903 2919 dexterior
964 2867 1280 2920 sinisterior.
1347 2898 1412 2905 -—

337 2958 541 3022 quanto
581 2955 756 3023 magis
795 2955 919 3025 (om.
958 2957 1092 3025 PV)
1127 2956 1319 3009 melius
1360 2959 1414 3009 et

335 3044 519 3096 sanius
556 3043 612 3097 11
654 3045 735 3107 13,
765 3045 849 3101 23.
889 3045 1063 3114 magis
1099 3045 1323 3099 docilior
1359 3045 1409 3098 ΙΙ

333 3132 385 3188 4.
417 3133 465 3183 7.
509 3149 645 3200 quae
674 3133 901 3187 maxime
933 3138 1014 3187 est
1044 3138 1193 3188 aetas
1220 3152 1410 3205 paren-

336 3220 480 3274 tibus
523 3221 729 3275 dulcior
766 3222 794 3275 1
831 3222 915 3281 80,
961 3224 1041 3276 15.
1089 3223 1250 3276 11111118
1288 3240 1410 3292 pro-

333 3309 454 3377 pius
501 3309 557 3362 11
603 3311 688 3374 32,
733 3312 781 3366 2.
841 3312 1257 3379 comparatiuue
1307 3327 1411 3379 pro

332 3399 704 3465 superlatiuo:
763 3416 825 3452 ex
872 3400 1118 3453 omnibus
1166 3400 1346 3453 uerius
1384 3399 1411 3452 Ι

1554 643 1860 699 coniuncti.-
1887 645 2171 713 positiuue
2206 655 2256 702 et
2296 653 2631 719 comparati-

1553 748 1683 785 uue:
1725 749 1854 786 uera
1886 738 1943 787 et
1968 736 2192 789 meliora
2220 737 2247 801 Ι
2277 740 2396 798 729.
2429 741 2475 793 7.
2514 758 2630 795 ma-

1552 820 1760 874 ioribus
1807 826 1862 876 et
1909 824 2165 879 breuibus
2203 827 2414 881 ossibus
2452 828 2507 882 11
2548 830 2630 897 19,

1558 910 1642 963 19.
1705 928 1902 981 magna
1958 917 2013 979 et
2068 914 2275 970 minora
2329 917 2627 983 (animalia)

1552 999 1582 1052 I
1613 1001 1731 1063 146,
1770 1001 1854 1053 24.
1892 1000 2103 1055 minora
2139 1006 2195 1055 et
2231 1004 2426 1074 exigua
2452 1004 2479 1058 I
2507 1007 2629 1070 630,

1553 1089 1603 1141 2.
1661 1088 1945 1142 inbecillus
1992 1107 2054 1144 ac
2099 1092 2273 1145 minor
2318 1092 2344 1145 Ι
2382 1094 2503 1158 683,
2541 1086 2627 1148 23.

1551 1176 1877 1231 fuscioribus
1912 1194 1974 1232 ac
2004 1180 2184 1249 paruis
2214 1180 2433 1234 orbibus
2461 1182 2513 1235 11
2540 1182 2628 1246 38,

1558 1266 1639 1320 10.
1680 1267 1749 1333 cf.
1789 1267 1953 1336 plura*
1983 1271 2039 1321 et
2075 1269 2266 1337 grauia
2303 1269 2477 1334 codd„
2505 1287 2628 1339 gra-

1553 1355 1709 1408 uiora
1754 1356 1973 1409 coniect.
2019 1359 2284 1412 emendat.
2334 1356 2361 1409 I
2408 1358 2532 1422 649,
2579 1360 2626 1412 7.

1541 1445 1825 1511 positiuus
1870 1450 1919 1497 et
1961 1446 2370 1513 superlatiuus:
2430 1463 2490 1500 ex
2537 1448 2627 1516 pio

1551 1534 1716 1599 atque
1754 1532 1957 1600 optimo
1996 1536 2143 1586 statu
2181 1534 2209 1587 1
2245 1534 2370 1596 418,
2410 1536 2492 1591 13.
2528 1537 2627 1588 110-

1549 1623 1709 1673 nesta
1763 1623 1820 1673 et
1873 1620 2078 1689 optima
2133 1622 2384 1676 uoluntas
2432 1624 2458 1677 Ι
2510 1624 2627 1690 178,

1557 1708 1638 1762 15.
1697 1709 1957 1777 sapientis
2004 1714 2169 1781 atque
2217 1712 2406 1781 optimi
2454 1712 2559 1766 uiri
2600 1714 2626 1766 I

1551 1798 1674 1860 552,
1713 1804 1763 1850 4.
1803 1799 2091 1853 maximum
2132 1803 2293 1870 atque
2333 1801 2562 1855 sublime
2599 1801 2628 1854 Ι

1549 1886 1672 1949 383,
1733 1887 1815 1940 11.
1881 1904 2142 1941 summum
2201 1905 2265 1943 ac
2318 1890 2546 1943 sublime
2597 1889 2627 1944 Ι

1551 1976 1673 2038 507,
1714 1977 1762 2030 7.
1816 1977 2045 2030 maxima
2080 1977 2451 2046 mirabilisque
2487 1979 2627 2032 ratio

1547 2063 1604 2116 Il
1651 2064 1736 2127 89,
1790 2066 1869 2117 12.
1928 2065 2021 2118 1118
2075 2082 2210 2118 1111118
2258 2067 2517 2120 maximus
2565 2084 2625 2121 ac

1547 2158 1742 2221 potens
1795 2154 2032 2207 omnium
2069 2153 2096 2206 I
2139 2154 2219 2217 11,
2264 2154 2345 2210 11.
2396 2154 2626 2209 humiles

1549 2244 1606 2294 et
1653 2242 1827 2294 infimi
1865 2242 1890 2294 Ι
1927 2243 2050 2307 382,
2090 2244 2138 2296 6.
2179 2242 2229 2295 8.
2291 2242 2516 2311 [salubri
2563 2259 2626 2296 ac

1545 2331 1849 2384 rectissima
1901 2331 2113 2384 ratione
2168 2331 2224 2384 II
2277 2330 2333 2383 M
2385 2330 2506 2395 229,
2546 2331 2621 2400 8.]

1548 2418 1733 2472 diuina
1752 2419 2094 2488 prouidentia
2124 2418 2624 2487 perfectissimaque

1545 2509 1717 2563 uirtus
1748 2508 1810 2564 11
1848 2510 1896 2572 6,
1927 2512 1976 2562 4.
2019 2508 2367 2563 clarissimum
2409 2525 2469 2562 ac
2508 2509 2618 2562 sin-

1545 2598 1731 2665 gulare
1779 2599 1959 2652 lumen
2006 2599 2032 2651 I
2074 2599 2192 2662 114,
2234 2600 2315 2651 11.
2369 2599 2620 2666 superla-

1545 2687 1695 2739 tiuus
1732 2692 1781 2739 et
1819 2688 2259 2755 comparatiuus:
2298 2687 2519 2740 extremi
2559 2705 2621 2741 ac

1540 2775 1816 2828 tenuiores
1861 2775 1965 2829 riui
2002 2775 2030 2828 1
2068 2776 2188 2833 623.
2228 2777 2277 2828 2.
2332 2792 2400 2829 118
2445 2776 2623 2828 minor

1543 2866 1601 2916 et
1656 2867 1921 2918 extremus
1979 2869 2124 2918 esset
2179 2864 2235 2917 11
2288 2863 2346 2917 Μ
2401 2865 2518 2929 193,
2568 2867 2615 2918 5.

1542 2969 1726 3005 omnes
1764 2959 1870 3006 tres
1902 2954 2139 3022 qradus:
2197 2957 2260 3006 ut
2305 2953 2515 3006 minora
2565 2955 2621 3005 et

1540 3041 1767 3095 humilia
1822 3043 2062 3110 regimen
2112 3041 2366 3106 habeant,
2415 3043 2621 3096 maiora

1541 3136 1598 3184 et
1644 3148 1851 3184 summa
1893 3149 1999 3184 non
2037 3131 2275 3184 habeant
2311 3130 2368 3184 11
2406 3132 2490 3194 92,
2530 3132 2615 3184 20.

1539 3222 1608 3288 cf.
1648 3237 1680 3273 a
1729 3225 1841 3289 (ap.
1882 3221 2365 3288 comparatiuum).
2419 3220 2619 3289 ‘fiyura

1539 3309 1927 3378 etymologica'.
1980 3311 2154 3378 magis
2191 3309 2418 3362 maxime
2457 3309 2618 3362 nimis

1536 3398 1878 3466 potissimum
1920 3396 2101 3465 potius
2141 3413 2316 3464 quam.

336 3486 451 3550 183,
510 3488 559 3542 2.
619 3487 821 3557 eligere
879 3487 1021 3556 quod
1079 3493 1163 3541 est
1217 3489 1409 3542 melius
1466 3487 1852 3553 grammaticus
1889 3484 1915 3536 I
1955 3484 2075 3546 213,
2107 3483 2154 3539 3.
2197 3485 2316 3548 700,
2348 3485 2397 3537 2.
2437 3501 2613 3553 gram-

335 3575 426 3643 (cf.
460 3577 525 3630 13
562 3576 620 3629 111
660 3581 816 3630 tanta
854 3577 1192 3644 diuersitate)
1228 3578 1254 3630 1
1288 3579 1404 3639 191,

337 3665 414 3717 16.
454 3666 753 3733 Erythraea
791 3665 1052 3720 celebrior
1088 3667 1230 3718 inter
1263 3670 1405 3719 cete-

332 3770 415 3805 ras
460 3754 744 3823 (Sibyllae)
794 3772 857 3808 ac
900 3756 1133 3809 nobilior
1176 3755 1409 3808 habetur

1535 3573 1724 3627 matici
1761 3573 1788 3625 1
1831 3574 1947 3637 163,
1987 3573 2062 3625 13.
2102 3572 2156 3625 11
2193 3573 2279 3636 50,
2314 3574 2394 3626 10.
2435 3589 2613 3642 gram-

1535 3663 1736 3715 matica
1761 3663 1895 3730 sem.
1926 3663 1954 3716 1
1983 3663 2105 3724 699,
2137 3662 2220 3714 28.
2259 3667 2439 3716 neutr.
2461 3662 2614 3729 plur.

1536 3753 1560 3805 I
1600 3752 1720 3813 258,
1760 3752 1809 3804 8.

331 3841 357 3893 1
395 3843 479 3905 23,
533 3844 615 3896 13.
655 3873 722 3881 -
762 3847 942 3898 utrum
1000 3844 1282 3912 superbius
1341 3861 1406 3896 an
1464 3841 1682 3912 grandis
1739 3841 1765 3893 1
1817 3840 1936 3912 110,
1985 3840 2033 3892 2.
2086 3819 2134 3891 7.
2185 3839 2306 3904 238,
2354 3840 2438 3892 21.
2489 3839 2612 3902 714,

330 3931 670 4000 inportunius
719 3931 744 3983 1
781 3933 903 3995 403,
947 3934 1029 3985 17.
1085 3933 1137 3985 in
1186 3933 1405 4001 paucio-

1538 3931 1621 3983 10.

333 4020 475 4073 ribus
525 4020 700 4074 doctis
753 4037 911 4090 quam
950 4023 1007 4074 in
1043 4022 1287 4090 pluribus
1326 4022 1405 4074 in·
1463 4018 2028 4090 grandinesqlapidum
2068 4016 2095 4069 Ι
2133 4018 2253 4079 665,
2293 4014 2377 4072 20.

332 4109 518 4177 peritis
547 4110 574 4163 Ι
607 4110 727 4176 176,
756 4110 805 4163 3.
846 4111 1067 4179 aequior
1100 4110 1272 4172 malis,
1300 4110 1404 4162 ini·
1462 4126 1687 4178 granum
1725 4108 1780 4161 II
1819 4109 1907 4164 85.
1949 4108 2031 4160 19.
2070 4106 2152 4159 Ph
2195 4107 2313 4170 144,
2358 4107 2473 4161 126.

332 4198 481 4266 quior
527 4198 685 4254 bonis
731 4198 757 4250 I
805 4201 925 4261 269,
973 4202 1052 4253 10.
1106 4230 1165 4239 -
1218 4215 1404 4266 super·
1462 4198 1698 4267 grassari
1743 4198 1769 4250 I
1821 4198 1938 4260 171,
1987 4197 2071 4249 20.
2125 4196 2250 4260 236,
2290 4197 2338 4248 2.
2395 4196 2519 4259 425,
2560 4198 2610 4248 5.

332 4287 565 4341 latinus:
620 4285 760 4346 adeo
811 4289 1158 4342 remotissimi
1197 4306 1228 4341 a
1266 4290 1404 4341 ueri-

1533 4290 1655 4350 427,
1695 4288 1744 4341 2.
1783 4286 1905 4350 498,
1945 4288 1995 4341 5.

326 4378 437 4430 tate
463 4375 574 4429 utI
595 4376 717 4437 266,
753 4376 832 4428 14.
862 4407 924 4415 -
958 4377 1166 4430 diuers-i
1195 4377 1408 4446 gradus
1464 4380 1740 4445 grassator
1778 4375 1805 4427 Ι
1840 4375 1963 4435 483,
2007 4376 2087 4428 14.

2434 4479 2540 4531 29*
2601 4456 2605 4460 ’
