3132 5043
900 456 1307 508 rerumque
1364 442 2066 509 grammaticarum.
2536 448 2663 511 527

392 630 742 701 reponemus?
772 630 799 683 1
828 631 914 691 99,
945 632 1031 683 21.
1070 634 1278 683 mentes
1318 646 1459 682 emo·
1590 647 1674 683 res
1710 630 1880 684 habet
1916 631 1942 683 Ι
1978 632 2063 694 28,
2094 634 2143 686 3.
2183 632 2241 686 id
2280 635 2423 702 quod
2459 652 2543 689 res
2584 639 2666 690 est

389 726 470 775 tas
514 722 567 773 in
616 721 876 790 pristinos
923 736 1110 773 sensus
1162 719 1461 788 reponebat
1586 718 1611 772 I
1650 720 1772 782 441,
1813 721 1861 772 7.
1919 720 1975 772 in
2024 738 2086 773 eo
2131 738 2301 790 paene
2339 739 2422 775 res
2460 724 2567 777 fuit
2603 728 2666 777 ut

387 811 415 864 I
463 810 581 872 384,
635 811 716 865 18.
774 809 989 863 furiatis
1043 812 1278 861 mentem
1337 824 1457 876 pro·
1587 807 1641 860 11
1677 808 1734 861 Μ
1764 809 1887 873 201,
1920 810 2004 862 11.
2043 809 2195 878 quies
2237 814 2331 863 aut
2368 813 2541 865 somni
2580 830 2664 866 res

386 900 551 968 priam
599 898 899 968 reponebat
949 897 975 950 Ι
1024 898 1143 959 716,
1182 897 1268 949 23.
1325 895 1458 948 fides
1588 901 1671 950 est
1718 901 1814 950 aut
1860 898 2074 970 mortis·
2104 898 2159 952 ΙΙ
2210 899 2326 963 110,
2374 899 2423 953 9.
2482 899 2549 952 ab
2607 916 2664 952 re

385 1005 539 1057 quam
566 988 782 1057 reponit
807 984 1146 1056 paenitentia
1173 985 1201 1045 Ι
1227 985 1349 1047 440,
1374 984 1454 1037 15.
1590 987 1758 1040 <non>
1794 991 1878 1039 est·
1923 987 2304 1056 si—exponam
2352 987 2408 1041 ΙΙ
2445 989 2502 1042 Μ
2545 988 2661 1052 173,

383 1095 473 1147 pro
530 1076 873 1146 aegritudine
930 1073 1138 1143 aliquid
1192 1088 1456 1142 reponen-
1586 1079 1634 1129 5.
1678 1091 1735 1128 re
1775 1092 1903 1129 uera
1939 1075 1996 1129 ΙΙ
2032 1076 2088 1129 M
2127 1077 2249 1139 206,
2295 1078 2339 1132 1.

382 1165 505 1218 dum
543 1165 724 1217 fuerat
759 1164 787 1217 I
823 1164 945 1226 538,
985 1164 1069 1217 21.
1513 1180 1761 1217 resanare
1808 1164 1834 1216 Ι
1876 1166 1997 1227 364,
2037 1168 2087 1220 5.
2126 1166 2251 1219 477.
2294 1166 2373 1217 11.
2417 1167 2534 1227 716,
2574 1167 2660 1217 21.·

312 1270 587 1323 reposcere
634 1253 899 1306 rationem
949 1252 1094 1305 uitae
1140 1252 1168 1303 Ι
1205 1252 1327 1311 575,
1372 1250 1452 1301 14.
1510 1268 1848 1306 resanescere
1886 1253 1912 1305 1
1948 1254 2070 1316 404,
2111 1255 2195 1306 24.

308 1341 747 1410 reprehensibilis
786 1340 808 1392 Ι
850 1340 971 1402 390,
1012 1341 1062 1395 9.
1511 1341 1754 1394 rescissis
1804 1342 2115 1395 uulneribus
2154 1342 2179 1394 I
2221 1344 2341 1403 575,
2385 1344 2464 1396 16.
2524 1343 2659 1396 actis

309 1430 648 1499 reprehensio
678 1429 706 1481 Ι
740 1428 857 1490 185,
883 1430 964 1482 14.
996 1428 1225 1491 246,12.
1260 1426 1379 1487 528,
1401 1426 1451 1478 3.
1582 1430 1636 1482 ΙΙ
1684 1430 1738 1481 Μ
1792 1431 1909 1491 177,
1954 1431 2033 1483 12.
2090 1431 2208 1483 sim.
2258 1429 2313 1482 ΙΙ
2351 1430 2407 1483 M
2450 1432 2567 1494 172,
2607 1433 2658 1487 4.

306 1519 660 1587 reprehensor
695 1518 750 1571 11
793 1519 876 1580 11,
916 1519 965 1570 2.
1009 1517 1127 1578 121,
1169 1516 1253 1568 22.
1509 1519 1775 1587 rescripta
1811 1518 2112 1588 principum
2149 1520 2177 1572 Ι
2213 1520 2335 1582 436,
2378 1521 2460 1572 11.
2610 1530 2617 1543 '

308 1624 362 1661 se
399 1608 689 1677 reprimere
727 1607 753 1660 Ι
790 1608 913 1669 537,
952 1607 1000 1659 9.
1040 1605 1096 1658 Π
1137 1605 1255 1667 117,
1296 1606 1343 1657 7.
1509 1624 1749 1661 resecare
1790 1608 2176 1676 consequentia
2216 1608 2270 1661 11
2309 1610 2393 1670 73,
2437 1610 2518 1662 14.

304 1697 586 1766 reprobare
625 1697 651 1750 Ι
688 1697 810 1760 313,
850 1696 899 1749 3.
941 1696 1062 1757 722,
1105 1695 1151 1747 1.
1508 1713 1747 1751 reserare
1786 1700 1971 1766 portas
2009 1697 2067 1751 ΙΙ
2104 1699 2159 1752 M
2197 1696 2320 1761 *207,
2358 1698 2407 1751 3.

303 1802 610 1861 repugnans
648 1785 675 1836 I
717 1785 835 1848 156,
875 1785 955 1837 17.
1001 1783 1118 1844 194,
1148 1783 1232 1835 21.
1272 1781 1326 1834 ΙΙ
1369 1782 1451 1847 12,
1509 1802 1785 1840 reseruare
1822 1786 1850 1838 Ι
1892 1788 2010 1851 151,
2052 1786 2134 1839 16.
2177 1787 2296 1849 160,
2330 1787 2412 1839 19.
2451 1786 2573 1846 493,
2604 1787 2655 1838 2.

375 1876 456 1927 16.
509 1875 593 1937 71,
642 1875 690 1927 2.
745 1873 860 1934 106,
911 1873 959 1926 9.
1003 1873 1085 1926 13.
1142 1887 1451 1939 repugnans
1580 1876 1701 1940 548,
1746 1876 1827 1930 17.
1866 1874 1919 1927 11
1957 1875 2014 1927 Μ
2057 1876 2172 1938 175,
2217 1875 2297 1928 11.
2337 1876 2458 1937 207,
2498 1875 2547 1927 3.

373 1966 429 2015 et
467 1961 761 2015 absurdum
799 1961 826 2013 Ι
868 1962 985 2026 120,
1017 1962 1101 2014 23.
1141 1976 1449 2029 repugnan·
1507 1964 1742 2018 residere
1780 1964 1835 2017 ΙΙ
1872 1964 1954 2017 Ph
1998 1964 2115 2027 143,
2159 1966 2277 2017 122.
2317 1980 2483 2032 penes
2523 1979 2657 2030 quos

369 2052 480 2104 tius
519 2052 575 2105 ΙΙ
614 2052 698 2114 83,
743 2052 826 2105 11.
1578 2054 1771 2122 religio
1811 2053 1899 2105 dei
1937 2052 2143 2105 resedit
2179 2052 2205 2104 I
2248 2053 2365 2114 161,
2410 2053 2490 2104 17.

300 2140 663 2209 repugnantia
699 2139 725 2191 I
760 2140 884 2202 406,
927 2138 1008 2191 16.
1056 2155 1232 2190 rerum
1270 2137 1324 2190 11
1366 2140 1446 2200 15,
1505 2141 1740 2195 residere
1786 2141 1813 2195 Ι
1861 2141 1948 2204 25,
1993 2142 2052 2196 11
2105 2142 2286 2209 (coni.,
2324 2139 2654 2209 respondens

368 2231 418 2283 6.
460 2230 963 2296 sententiarumque
1001 2227 1027 2279 Ι
1066 2228 1187 2289 242,
1228 2228 1277 2279 2.
1577 2229 1773 2298 codd).
1801 2229 1998 2292 11116,
2023 2232 2070 2284 7.
2101 2229 2157 2281 in
2186 2246 2352 2298 regno
2378 2229 2405 2281 Ι
2424 2229 2545 2291 415,
2571 2228 2652 2282 19.

297 2336 599 2389 repugnare
637 2318 665 2371 I
707 2317 788 2380 10,
823 2317 905 2370 10.
942 2315 1283 2368 naturalibus
1322 2314 1447 2367 telis
1504 2317 1751 2371 residuus
1788 2318 1814 2372 1
1855 2319 1965 2387 [22,
2007 2320 2078 2387 7.]
2119 2319 2241 2383 333,
2282 2321 2329 2373 7.

369 2407 547 2462 alicui
590 2407 647 2460 H
694 2408 743 2469 7,
791 2407 877 2459 22.
934 2404 1298 2473 repugnantia
1343 2403 1447 2456 sibi
1503 2406 1777 2476 resignare
1832 2406 2033 2460 inferos
2087 2407 2114 2461 1
2166 2408 2286 2469 313,
2341 2409 2423 2461 14.
2481 2407 2651 2459 uitam

367 2498 507 2553 dicit
569 2496 598 2550 I
655 2496 737 2558 17,
796 2496 844 2549 9.
912 2493 1110 2563 dogma
1174 2493 1278 2547 sibi
1341 2493 1447 2563 ipsi
1577 2496 1854 2550 decursam
1894 2496 1920 2549 Ι
1958 2497 2079 2560 379,
2124 2496 2204 2550 12.
2250 2513 2472 2566 quorum
2509 2511 2651 2549 mors

367 2589 576 2658 (ipsum
640 2585 838 2651 BRH)
911 2599 1219 2653 repugnans
1282 2598 1445 2650 seque
1574 2587 1852 2655 resignata
1890 2590 1974 2640 est
2009 2587 2035 2639 Ι
2074 2588 2196 2649 655,
2236 2588 2285 2641 7.

366 2677 673 2731 dissoluens
710 2676 736 2728 I
777 2675 897 2736 189,
941 2675 1020 2727 12.
1502 2676 1746 2729 resiliens
1784 2675 1839 2728 in
1879 2675 2117 2728 uocalem
2158 2674 2404 2743 spiritum
2454 2678 2650 2726 uentus

298 2781 585 2835 repurgare
624 2764 651 2817 Ι
688 2765 809 2827 330,
849 2763 935 2817 20.
975 2762 1097 2823 379,
1136 2762 1185 2814 2.
1575 2764 1628 2816 ΙΙ
1667 2766 1753 2826 51,
1799 2765 1844 2817 1.

294 2854 574 2924 reputanti
635 2853 769 2907 mihi
834 2869 953 2905 cum
1009 2850 1187 2904 animo
1243 2865 1362 2901 meo
1418 2848 1445 2900 I
1502 2851 1901 2921 resipiscentia:
1943 2849 2138 2906 Graeci
2175 2852 2367 2904 melius
2398 2854 2453 2904 et
2482 2849 2648 2918 signi·

364 2943 490 3005 274,
529 2943 578 2995 3.
1573 2941 1823 2994 ficantius
1897 2939 2171 3012 μετάνοιαν
2237 2939 2424 2993 dicunt
2489 2955 2647 3007 quam

296 3031 539 3100 requies:
586 3030 827 3098 requiem
873 3029 899 3081 I
938 3029 987 3089 3,
1027 3029 1096 3080 22
1134 3027 1440 3096 (laborum).
1570 3047 1667 3083 nos
1687 3030 1881 3083 Latine
1912 3045 2192 3099 possumus
2222 3028 2647 3097 resipiscentiam

365 3120 490 3183 637,
524 3119 574 3173 2.
612 3118 670 3171 II
706 3119 792 3182 40,
821 3118 871 3170 2.
916 3117 1032 3179 100,
1062 3117 1113 3170 3.
1155 3115 1294 3183 [sine
1326 3113 1444 3182 ,ulla
1570 3118 1748 3172 dicere
1786 3119 1812 3171 I
1850 3119 1972 3182 572,
2015 3119 2097 3173 11.

363 3208 678 3262 securitatis
733 3207 918 3276 requie
967 3205 1021 3258 11
1069 3207 1153 3267 61,
1206 3204 1271 3256 16
1319 3201 1439 3255 adn.
1497 3208 1814 3278 resipiscere
1843 3207 1869 3261 1
1898 3207 2018 3269 572,
2045 3207 2125 3260 12.
2158 3207 2277 3270 749,
2300 3206 2349 3259 3.
2382 3206 2433 3258 ΙΙ
2457 3205 2573 3269 123,
2594 3207 2645 3259 4.

362 3305 391 3362 ξ
435 3299 506 3366 1.]
565 3297 621 3349 in
667 3296 811 3349 lecto
862 3311 959 3347 suo
1007 3293 1246 3362 requiem
1294 3291 1440 3343 uitae
1497 3297 1748 3350 resistere
1808 3302 1897 3362 (=
1948 3294 2264 3361 subsistere)
2311 3296 2405 3347 aut
2465 3310 2645 3346 excur-

364 3386 579 3454 accepit
614 3385 669 3437 II
707 3384 762 3436 Μ
790 3385 912 3446 201,
939 3383 988 3435 6.
1027 3381 1239 3450 requies
1278 3397 1309 3432 a
1341 3379 1439 3444 (la·
1570 3403 1684 3439 rere
1731 3386 1786 3439 11
1825 3387 1910 3447 24,
1955 3386 2034 3438 13.
2092 3385 2147 3437 in
2198 3387 2433 3437 extremo
2474 3382 2645 3451 gradu

361 3475 607 3538 boribus)
648 3473 673 3525 Ῑ
711 3474 833 3536 629,
873 3474 958 3525 26.
998 3472 1119 3534 632,
1149 3471 1199 3523 9·
1239 3470 1358 3530 ’758,
1389 3471 1438 3522 5·
1569 3475 1623 3527 ΙΙ
1673 3476 1757 3534 74,
1797 3477 1844 3527 2.
1903 3477 1965 3526 ut
2015 3473 2096 3525 sol
2141 3473 2363 3526 resistat
2409 3490 2440 3523 a
2489 3488 2643 3524 cursu

290 3565 650 3632 requiescere:
724 3563 1012 3631 postquam
1075 3559 1257 3613 Dauid
1322 3575 1440 3611 cum
1568 3580 1664 3616 suo
1693 3561 1718 3614 Ι
1752 3564 1870 3624 758,
1907 3563 1985 3615 12.
2029 3562 2164 3615 citra
2187 3560 2289 3614 hoc
2319 3576 2451 3629 opus
2479 3559 2642 3611 homo

361 3651 611 3721 patribus
649 3651 761 3703 suis
793 3649 1153 3718 requieuisset
1181 3648 1206 3700 I
1235 3648 1357 3710 324,
1389 3647 1436 3700 3.
1568 3651 1775 3704 resistit
1810 3652 1865 3704 II
1905 3651 1988 3712 60,
2036 3651 2116 3703 18.

361 3740 667 3810 requiescet
705 3739 849 3793 orbis
887 3739 915 3792 1
943 3741 1064 3802 646,
1095 3739 1145 3792 8.
1185 3754 1289 3806 quo
1329 3738 1438 3806 (die
1496 3741 1766 3794 resoluere
1805 3740 1987 3808 galeas
2027 3739 2081 3792 II
2117 3739 2172 3791 M
2208 3739 2327 3800 227,
2356 3738 2404 3790 2.
2444 3735 2642 3789 resolui

362 3829 518 3893 deus)
560 3827 625 3881 ab
666 3828 917 3898 operibus
956 3827 1066 3880 suis
1095 3828 1440 3896 requieuerat
1502 3897 1505 3902 ,
1566 3830 1618 3882 in
1660 3833 1857 3882 terram
1894 3828 1921 3880 I
1958 3829 2079 3892 609,
2120 3829 2205 3883 23.
2246 3842 2436 3894 corpus
2474 3824 2642 3877 resol-

360 3918 387 3971 Ι
424 3918 546 3980 629,
586 3918 634 3970 8.
1565 3920 1713 3971 uitur
1750 3919 1804 3970 in
1844 3918 2080 3986 quietem
2118 3916 2175 3969 ΙΙ
2202 3918 2287 3978 58,
2321 3916 2404 3968 13.
2442 3913 2642 3967 resolui

290 4006 561 4075 requirere
601 4007 820 4074 aliquid
854 4006 881 4058 Ι
919 4009 969 4068 2,
1004 4008 1084 4060 16.
1121 4007 1202 4070 19,
1237 4008 1318 4061 18.
1349 4008 1435 4070 34,
1563 4008 1618 4060 in
1660 4007 1918 4076 gaudium
1954 4009 2008 4059 et
2036 4004 2317 4059 lasciuiam
2347 4004 2375 4057 I
2406 4004 2524 4066 702,
2557 4001 2640 4057 18.

364 4095 446 4147 17.
489 4095 607 4158 123,
647 4098 678 4148 5
721 4095 811 4162 (cf.
851 4096 924 4161 6).
975 4095 1048 4148 al.
1085 4111 1228 4164 sequ.
1268 4097 1436 4150 inter·
1566 4096 1845 4149 resoluunt
1900 4096 2083 4148 oculos
2138 4095 2193 4147 in
2245 4092 2527 4145 lasciuiam
2583 4090 2640 4142 II

360 4199 472 4252 roy.
510 4182 680 4236 indir.
710 4183 766 4235 ΙΙ
794 4184 878 4245 86,
915 4185 996 4238 15.
1038 4183 1104 4238 ab
1142 4184 1229 4237 his
1256 4184 1284 4239 I
1314 4185 1434 4250 310,
1566 4187 1651 4248 79,
1683 4188 1732 4240 6.
1773 4184 1942 4237 oculis
1981 4185 2036 4236 in
2073 4182 2352 4236 lasciuiam
2385 4180 2639 4233 resolutis

366 4272 446 4325 12.
487 4271 554 4324 de
595 4272 789 4340 aliqua
824 4289 883 4327 re
917 4272 972 4326 11
1009 4273 1094 4336 98,
1135 4275 1184 4327 5.
1228 4274 1345 4338 156,
1381 4275 1433 4327 4.
1564 4273 1590 4325 I
1629 4274 1751 4338 202,
1789 4273 1838 4326 8.
1896 4289 2104 4326 rursum
2154 4272 2208 4323 in
2246 4269 2433 4324 eadem
2471 4267 2638 4321 resel-

289 4374 372 4413 res
418 4376 531 4413 rem
578 4361 823 4429 sequitur
864 4362 892 4414 I
929 4363 1015 4428 63,
1057 4363 1138 4415 16.
1197 4361 1253 4414 id
1292 4362 1438 4431 quod.
1564 4365 1767 4415 uuntur
1801 4362 1857 4414 ΙΙ
1894 4361 1979 4422 86,
2019 4361 2070 4414 8.
