3132 5043
1130 470 1339 523 liber
1388 487 1430 522 c.
1474 471 1700 523 14-16,
2451 471 2576 535 189

281 682 431 746 ergo
482 664 561 727 ad
609 664 848 728 iudices
896 668 1222 746 tamquam
1270 664 1349 728 ad
1397 664 1547 728 deos
1593 664 1889 731 adiretur.
1986 666 2175 729 etiam
2211 666 2465 729 litterae
2504 664 2581 728 ad

277 771 736 835 Maximianum
811 776 1002 854 atque
1081 772 1525 837 Constantium
1603 778 2131 852 commeauerant,
2206 775 2281 836 ut
2362 772 2582 835 eadem

277 878 589 941 facerent:
640 898 907 960 quorum
957 880 1272 943 sententia
1317 880 1378 941 in
1428 880 1625 942 tantis
1673 879 1863 943 rebus
1905 882 2229 962 expectata
2266 900 2387 944 non
2429 882 2580 942 erat.

278 987 345 1047 et
391 985 651 1066 quidem
700 1005 884 1050 senex
931 986 1353 1049 Maximianus
1399 986 1605 1049 libens
1654 986 1866 1067 paruit
1911 1006 2024 1069 per
2068 986 2341 1063 Italiam,
2390 986 2580 1048 homo

213 1116 239 1153 5
276 1110 405 1154 non
455 1092 608 1156 adeo
658 1093 957 1158 clemens,
1051 1112 1194 1156 nam
1238 1092 1669 1169 ConstantiuS‚
1709 1112 1785 1156 ne
1826 1093 2161 1156 dissentire
2200 1113 2236 1157 a
2270 1093 2582 1157 maiorum

186 1652 234 1688 10

186 2184 233 2223 15

184 2723 233 2759 :20

273 1200 638 1280 praeceptis
687 1200 1029 1279 uideretur,
1082 1200 1527 1263 conuenticula
1572 1200 1637 1263 id
1687 1203 1786 1263 est
1830 1200 2126 1281 parieteS‚
2176 1200 2284 1281 qui
2330 1198 2584 1262 restitui

273 1308 591 1385 poterant,
642 1306 804 1369 dirui
861 1325 1090 1388 passus
1149 1310 1265 1381 est,
1316 1326 1541 1369 uerum
1600 1310 1813 1369 autem
1870 1307 1969 1369 dei
2030 1308 2363 1389 templum,
2413 1305 2582 1387 quod

274 1414 382 1474 est
426 1411 493 1474 in
541 1412 928 1487 hominibus,
977 1413 1294 1476 incolume
1345 1413 1648 1477 seruauit.

375 1519 477 1583 16.
573 1518 935 1582 Vexabatur
991 1538 1136 1601 ergo
1197 1520 1497 1583 uniuersa
1552 1524 1722 1583 terra
1778 1523 1843 1583 et
1896 1523 2143 1601 praeter
2199 1519 2439 1584 Gallias
2503 1518 2578 1581 ab

273 1622 521 1687 oriente
557 1644 762 1706 usque
802 1626 879 1688 ad
919 1644 1214 1689 occasum
1254 1629 1384 1690 tres
1426 1628 1873 1691 acerbissimae
1912 1628 2153 1691 bestiae
2195 1625 2578 1690 saeuiebant.

370 1750 533 1809 non,
584 1732 766 1795 mihi
816 1733 878 1796 si
926 1733 1232 1816 linguae
1281 1737 1580 1797 centum
1628 1734 1879 1808 <sint>
1931 1753 2203 1815 oraque
2261 1736 2578 1807 centum,

367 1838 616 1902 ferrea
662 1858 820 1905 uox,
872 1859 1126 1904 omnes
1178 1841 1546 1904 scelerum
1601 1841 2130 1924 comprendere
2178 1842 2480 1915 formem,

368 1944 620 2009 omnia
668 1963 1076 2025 poenarum
1123 1966 1562 2027 percurrere
1612 1948 1908 2011 nomina
1954 1947 2264 2029 possim.

272 2071 438 2133 quae
497 2051 743 2115 iudices
798 2071 909 2133 per
963 2054 1325 2133 prouincias
1386 2054 1578 2118 iustis
1629 2058 1815 2136 atque
1863 2054 2305 2118 innocentibus
2351 2052 2581 2116 intule-

270 2161 443 2220 runt.
538 2177 762 2221 uerum
812 2159 963 2239 quid
1012 2179 1170 2239 opus
1213 2165 1311 2223 est
1346 2161 1457 2223 illa
1496 2180 1743 2225 narrare
1783 2161 2118 2243 praecipue
2156 2160 2296 2237 tibi,
2333 2160 2579 2223 Donate

272 2264 629 2341 carissime,
679 2265 790 2343 qui
844 2268 1094 2347 praeter
1149 2270 1392 2330 ceteros
1449 2271 1895 2348 tempestatem
1953 2267 2241 2330 turbidae
2288 2285 2583 2348 persecu-

270 2370 470 2434 tionis
532 2374 825 2453 expertus
892 2375 1002 2435 es?
1096 2392 1240 2436 nam
1303 2393 1447 2436 cum
1497 2374 1835 2438 incidisses
1881 2374 1944 2437 in
1991 2374 2359 2438 Flaccinum
2406 2392 2580 2454 prae-

270 2479 541 2556 fectum,
611 2498 733 2543 non
799 2479 1108 2561 pusillum
1173 2480 1578 2558 homicidam,
1649 2480 1869 2545 deinde
1945 2482 2008 2545 in
2077 2480 2441 2545 Hieroclem
2509 2499 2580 2542 ex

268 2586 516 2650 uicario
584 2587 963 2668 praesidem,
1031 2588 1138 2668 qui
1205 2592 1424 2652 auctor
1491 2593 1553 2651 et
1621 2588 2019 2651 consiliarius
2086 2588 2165 2651 ad
2228 2587 2580 2651 faciendam

269 2693 784 2774 persecutionem
853 2692 999 2770 fuit,
1064 2695 1385 2774 postremo
1462 2693 1524 2755 in
1600 2693 2071 2757 Priscillianum
2147 2711 2580 2756 successorem

269 2799 436 2874 eiuS‚
507 2799 957 2863 documentum
1027 2799 1319 2863 omnibus
1393 2799 1668 2863 inuictae
1741 2799 2136 2864 fortitudinis
2210 2798 2577 2883 praebuisti.

269 2906 501 2971 nouies
551 2906 718 2969 enim
766 2907 1100 2969 tormentis
1149 2907 1665 2988 cruciatibusque
1724 2907 1915 2970 uariis
1985 2907 2312 2970 subiectus
2359 2905 2578 2968 nouies

270 3013 713 3077 aduersarium
766 3013 1043 3095 gloriosa
1090 3013 1483 3077 confessione
1531 3013 1770 3091 uicisti,
1820 3032 2048 3077 nouem
2097 3012 2355 3096 proeliis
2395 3012 2579 3075 zabu-

267 3120 411 3182 lum
462 3138 611 3182 cum
652 3119 1044 3183 satellitibus
1085 3120 1218 3183 suis
1260 3120 1617 3197 debellasti,
1658 3140 1887 3183 nouem
1924 3120 2211 3184 uictoriis
2252 3119 2578 3182 saeculum

454 3291 658 3346 LOCI
689 3291 1150 3346 AVCTORVM
1182 3293 1800 3347 EXPILATORVM
1833 3292 2177 3346 SIMILES
2249 3294 2277 3345 7
2318 3309 2576 3344 uerum—

268 3381 609 3450 hominibus]
648 3381 713 3435 cf.
755 3381 923 3435 Indic.
963 3399 1060 3435 rer.
1094 3400 1135 3435 s,
1169 3400 1219 3434 u.
1251 3382 1531 3450 templum.
1647 3383 1706 3435 11
1751 3382 1841 3450 ss.]
1873 3382 2076 3450 Vergil.
2105 3382 2239 3434 Aen.
2270 3381 2346 3433 VI
2371 3382 2475 3434 625
2505 3398 2574 3436 ss

274 3472 340 3524 19
384 3489 425 3523 S.
460 3471 756 3539 qui—fuit]
785 3471 934 3523 Lact.
966 3471 1099 3523 Inst.
1136 3471 1178 3523 V
1208 3472 1256 3530 2,
1295 3473 1374 3524 12.
1488 3473 1555 3522 24
1586 3470 2212 3538 saeculum—triumph]
2243 3470 2395 3522 Lact.
2426 3470 2573 3538 Epit.

270 3562 359 3620 61,
402 3562 450 3612 5.
492 3560 628 3611 Inst.
670 3559 745 3612 IV
784 3560 868 3623 26,
909 3561 992 3613 28.

346 3685 372 3736 1
416 3683 613 3735 *etiam
657 3689 703 3748 (t
739 3683 775 3735 i.
816 3700 857 3735 e.
900 3687 955 3734 et
984 3699 1052 3736 er.
1093 3684 1237 3749 uid.)
1277 3684 1345 3748 Ο,-
1384 3689 1439 3736 et
1476 3684 1584 3735 iam
1609 3684 1726 3735 Bal
1835 3684 1867 3735 3
1908 3700 2127 3751 quorum
2161 3683 2354 3748 Halm,
2393 3700 2573 3736 corum

276 3774 321 3825 C
359 3773 457 3838 (ef.
497 3772 561 3822 in
602 3771 645 3823 C
681 3787 721 3827 c,
767 3775 817 3836 3,
865 3774 898 3823 5
936 3778 985 3824 et
1029 3775 1121 3837 48,
1162 3775 1201 3823 8
1239 3789 1329 3838 co;
1372 3777 1422 3838 7,
1464 3776 1535 3824 10
1573 3789 1677 3840 quo
1718 3788 1942 3840 equare;
1981 3774 2067 3837 15,
2109 3777 2146 3823 :2
2175 3778 2224 3823 et
2253 3776 2348 3837 27,
2385 3775 2419 3825 7
2448 3789 2573 3824 con-

272 3861 425 3925 dam‚·
463 3865 554 3926 18,
600 3863 635 3912 5
674 3867 786 3924 cm;
828 3864 920 3927 52,
961 3868 989 3913 1
1026 3862 1229 3926 locor),·
1269 3878 1450 3913 eorum
1490 3862 1608 3913 Bal
1753 3864 2034 3929 expectata
2070 3861 2204 3927 Bal,
2244 3864 2490 3929 spectata
2533 3860 2580 3912 G

271 3952 302 4001 5
343 3948 619 4002 desentire
666 3948 713 4001 C
818 3949 851 4002 8
889 3950 1155 4001 incolome
1200 3949 1247 4002 C
1355 3952 1420 4003 10
1460 3950 1804 4002 aceruissime
1851 3949 1897 4002 C
2037 3949 2233 4002 sebunt
2259 3955 2413 4016 part.
2452 3965 2494 4003 s,
2537 3950 2570 4001 Ζ.

269 4038 332 4089 in
370 4037 660 4107 seuiebant
700 4037 828 4104 (sic)
861 4054 996 4090 corr.
1036 4037 1082 4090 C
1153 4039 1214 4091 11
1259 4038 1369 4090 sint
1398 4055 1462 4090 ex
1501 4038 1696 4107 Verqil.
1740 4039 1869 4090 add.
1950 4039 2013 4091 12
2054 4038 2432 4106 comprendere
2463 4037 2572 4090 for-

269 4143 383 4178 mas
432 4125 652 4193 Veryil„
692 4126 995 4194 cophendre
1034 4143 1200 4195 penas
1238 4127 1282 4180 0
1392 4127 1455 4179 13
1496 4127 1675 4178 omnia
1714 4127 1931 4196 Veryil„
1968 4128 2113 4180 osirin
2148 4126 2194 4179 C
2336 4126 2414 4180 ad
2449 4144 2573 4195 pos-

272 4231 383 4266 sem
423 4216 530 4279 (sic
566 4214 882 4283 LeNourry
920 4232 1039 4267 cum
1076 4216 1219 4281 Bal)
1258 4216 1545 4268 Bentleius
1583 4216 1785 4284 possim
1822 4232 1959 4268 aser.
2112 4218 2178 4268 14
2218 4232 2321 4284 que
2352 4216 2411 4282 G,
2441 4232 2573 4284 quas

273 4302 352 4354 ecl.
399 4303 574 4357 Oxou.
616 4305 775 4355 1680
887 4303 951 4355 18
991 4304 1242 4372 pusillam
1288 4304 1345 4369 C,
1386 4320 1520 4356 corr.
1560 4305 1681 4356 Bal
1824 4304 2018 4358 ierocle
2064 4304 2110 4357 C
2227 4304 2296 4357 20
2333 4305 2572 4374 prisscil-

273 4391 471 4443 lianum
519 4392 567 4445 G
674 4393 742 4444 23
786 4408 864 4444 cm
902 4392 1219 4446 diabolum?
1254 4392 1499 4457 Brandt,
1538 4394 1607 4459 cf.
1651 4389 1694 4446 c.
1735 4396 1788 4460 2,
1830 4398 1882 4446 8.
1929 4397 2020 4460 52,
2064 4397 2097 4445 5
