3132 5043
1102 430 1485 482 nominum

396 626 525 680 ficia
551 627 578 679 Ι
608 626 695 688 44,
737 627 817 678 17.
848 625 970 685 685,
1006 627 1085 678 17.
1116 625 1296 677 uetuit
1326 640 1481 678 carne

324 779 329 783 .
397 715 636 767 humana
690 715 1023 776 uesci150,
1072 713 1178 781 22.]
1235 714 1483 781 Iuppiter

397 820 619 856 aureum
672 804 985 871 iustumque
1038 803 1310 855 saeculum
1363 820 1478 854 sus-

394 894 532 947 tulit
571 893 854 961 coegitque
885 891 1130 944 homines
1158 891 1336 960 inpios
1365 891 1482 943 fieri

396 985 455 1035 ct
494 999 527 1034 a
564 981 664 1034 deo
723 982 790 1033 ad
849 998 904 1033 se
947 981 1149 1033 auertit
1186 980 1212 1032 1
1249 982 1371 1043 417,
1412 981 1481 1033 20

397 1089 469 1123 ss.
510 1070 735 1123 sustulit
771 1071 1039 1123 iustitiam
1068 1070 1095 1122 1
1124 1072 1246 1132 416,
1278 1071 1326 1122 9.
1358 1069 1479 1130 418,

402 1161 466 1214 16
517 1177 558 1215 s,
606 1162 727 1221 419,
777 1161 824 1212 6.
874 1160 990 1227 ipse
1041 1159 1144 1211 sibi
1190 1158 1316 1211 fana
1356 1176 1480 1212 con-

395 1251 585 1302 stituit
621 1250 649 1302 I
687 1249 773 1311 91,
815 1249 946 1317 [16.]
990 1249 1075 1301 21.
1114 1249 1201 1312 92,
1238 1250 1281 1301 l.
1314 1249 1361 1300 3.
1398 1249 1477 1302 11.

401 1340 483 1391 14.
525 1340 608 1392 20.
649 1339 770 1396 690,
813 1338 944 1406 [17.]
984 1340 1069 1392 21.
1119 1354 1394 1391 successor
1433 1338 1480 1390 ei

396 1427 721 1481 metuendus
779 1426 886 1480 fuit
941 1428 968 1480 Ι
1024 1427 1109 1489 37,
1173 1427 1237 1479 10
1284 1443 1351 1478 sa.
1393 1426 1478 1488 38,

400 1517 481 1569 18.
545 1518 626 1571 19.
684 1517 767 1571 23.
828 1517 943 1568 eius
994 1531 1136 1567 mors
1192 1514 1220 1566 I
1268 1515 1478 1578 44,14.

398 1606 478 1673 [in
519 1605 681 1660 Creta
729 1604 798 1657 ad
847 1604 974 1657 deos
1025 1602 1163 1654 abiit
1201 1603 1227 1654 Ι
1264 1602 1352 1665 44,
1392 1602 1473 1653 21.

393 1696 517 1758 685,
576 1695 660 1747 20.
719 1694 832 1746 eius
889 1691 1192 1761 sepulcrum
1239 1690 1267 1742 Ι
1304 1691 1390 1756 45,
1433 1691 1478 1742 1.

393 1785 443 1837 8.
489 1785 570 1836 11.
612 1782 733 1845 685,
773 1784 883 1852 21.]
941 1813 1007 1820 -
1067 1781 1244 1833 solent
1293 1780 1479 1832 Iouem

395 1891 489 1943 pro
541 1873 642 1926 deo
691 1873 931 1941 accipere
968 1872 995 1924 I
1034 1872 1155 1934 300,
1198 1871 1277 1922 11.
1325 1872 1482 1938 pater

395 1966 627 2016 uocatur
653 1963 680 2015 1
711 1963 830 2024 280,
857 1963 903 2014 1.
935 1978 1042 2013 non
1075 1963 1159 2013 est
1187 1959 1480 2011 ‘hominum

395 2068 680 2119 rerumque
727 2053 985 2121 repertor'
1042 2050 1069 2101 I
1134 2050 1218 2112 37,
1287 2047 1477 2101 6—10.

395 2146 523 2194 ante
574 2158 695 2194 eum
745 2140 991 2193 homines
1038 2139 1258 2192 fuerunt
1293 2138 1321 2191 Ι
1358 2136 1477 2198 283,

400 2231 479 2284 15.
520 2246 747 2299 regnare
785 2231 842 2282 in
883 2227 1029 2282 caelo
1069 2232 1294 2298 putatur
1328 2228 1356 2281 1
1392 2228 1477 2289 36,

399 2320 482 2374 13.
522 2320 608 2382 37,
665 2320 710 2371 1.
761 2319 881 2384 683,
938 2319 988 2372 8.
1046 2335 1184 2371 unus
1242 2318 1475 2371 omnium

392 2425 484 2460 rex
513 2407 760 2476 Iuppiter
788 2408 815 2460 1
848 2409 966 2470 168,
998 2409 1046 2460 6.
1081 2408 1193 2460 eius
1222 2410 1477 2459 terrestre

395 2499 729 2552 domicilium
761 2496 1135 2568 (Capitolium)
1173 2496 1199 2549 I
1239 2496 1360 2559 230,
1396 2496 1476 2549 15.

397 2586 652 2658 Optimus
689 2588 955 2641 Maximus
994 2588 1022 2640 I
1058 2590 1143 2652 66,
1185 2590 1268 2641 11.
1320 2587 1476 2657 Opti-

393 2694 540 2730 mum
592 2678 883 2729 Maximum
935 2677 1319 2731 nominandum
1370 2695 1477 2731 non

395 2783 513 2820 esse
551 2767 579 2819 I
616 2768 700 2829 36,
741 2769 791 2821 5.
832 2768 916 2828 37,
958 2767 1042 2818 24.
1082 2767 1201 2828 683,
1242 2766 1328 2819 21.
1368 2783 1476 2819 non

396 2861 480 2909 est
515 2857 769 2924 princeps
794 2872 969 2907 rerum
998 2855 1025 2908 Ι
1057 2855 1139 2916 14,
1174 2857 1256 2908 11.
1287 2872 1476 2908 sanare

392 2946 639 2997 homines
695 2945 872 2997 nescit
909 2943 936 2996 Ι
973 2944 1096 3007 387,
1139 2946 1187 2998 1.
1232 2945 1475 2997 homines

394 3051 514 3088 cum
571 3034 753 3087 iurant
810 3036 866 3085 et
921 3037 1114 3102 optant
1167 3035 1222 3085 et
1271 3034 1474 3102 gratias

396 3126 584 3191 agunt,
624 3138 731 3174 non
779 3120 980 3184 Iouem,
1031 3122 1124 3175 sed
1175 3123 1331 3175 deum
1377 3139 1474 3173 no-

390 3214 603 3264 minant
672 3210 699 3262 1
769 3211 855 3272 96,
921 3211 1006 3263 20.
1072 3228 1268 3263 nomen
1327 3210 1475 3262 Iouis

396 3317 604 3353 summo
647 3300 746 3353 deo
795 3317 902 3352 non
941 3299 1282 3351 tribuendum
1323 3299 1351 3352 1
1386 3300 1472 3361 43,

398 3391 624 3454 14—44‚
669 3391 751 3444 12.
789 3389 1059 3459 Apollinis
1101 3388 1317 3440 oraculo
1355 3388 1476 3441 Ioui

393 3479 730 3548 principatus
788 3477 1069 3546 ademptus
1108 3476 1135 3528 I
1174 3478 1258 3538 26,
1302 3477 1347 3529 1.
1388 3477 1472 3541 27,

394 3569 443 3620 2.
485 3567 732 3622 Christus
774 3571 898 3620 ante
936 3569 1121 3620 Iouem
1162 3566 1268 3619 fuit
1294 3566 1322 3618 Ι
1351 3567 1472 3624 283.

396 3658 479 3711 22.
516 3657 769 3726 Iuppiter
806 3673 901 3724 per
939 3657 1184 3725 Stygiam
1221 3655 1472 3724 paludem

393 3747 732 3799 sanctissime
788 3747 931 3799 iurat
981 3745 1009 3798 Ι
1058 3745 1143 3807 38,
1201 3746 1244 3798 l.
1299 3746 1384 3808 66,
1424 3746 1472 3797 9.

392 3834 520 3887 fatis
572 3838 728 3903 paret
777 3835 805 3887 I
843 3835 929 3897 38,
982 3836 1065 3887 11.
1122 3834 1186 3886 ab
1238 3834 1472 3887 Homero

397 3921 750 3975 daemonibus
791 3922 1122 3992 adgregatus
1160 3923 1187 3976 Ι
1224 3924 1345 3986 387,
1391 3926 1471 3978 15.

394 4010 621 4064 daemon
681 4014 765 4063 est
818 4011 845 4064 l
897 4012 1019 4075 388,
1080 4016 1126 4067 7.
1186 4012 1472 4066 daemones

392 4100 578 4152 Iouem
616 4117 723 4153 non
753 4100 951 4153 timent
978 4101 1005 4153 Ι
1030 4102 1150 4165 387,
1181 4103 1229 4156 6.
1260 4104 1476 4170 praeter

391 4189 577 4242 Iouem
637 4190 781 4251 solus
836 4190 1000 4242 Liber
1055 4190 1412 4259 triumphauit
1448 4190 1475 4243 Ι

394 4278 476 4336 35,
505 4280 555 4331 5.
586 4277 763 4330 Minos
793 4279 943 4348 leges
973 4282 1252 4347 tamquam
1283 4296 1314 4332 a
1342 4279 1472 4331 Ioue

393 4366 496 4418 sibi
553 4366 786 4419 traditas
844 4368 1123 4421 adferebat
1178 4368 1205 4420 Ι
1260 4367 1347 4431 88,
1391 4368 1470 4421 11.

1544 433 1618 482 et
1674 447 1935 482 rerum.

2507 168 2528 177 *s
2549 176 2550 179 ¹

2551 178 2568 185 ᾳ

2573 194 2696 247 *kl-,xz-

2552 432 2683 495 319

1610 623 1737 691 quid
1785 623 1969 676 Atinio
2018 624 2354 692 praeceperit
2401 624 2425 676 I
2478 624 2594 686 128,
2638 623 2683 675 1.

1611 714 1728 773 169,
1782 714 1860 765 16.
1911 712 2158 781 Iuppiter
2202 713 2495 766 Ataburius
2534 714 2562 766 I
2598 715 2684 773 92,

1612 802 1656 854 1.
1698 801 1888 855 Casius
1926 802 1953 854 Ι
1992 802 2075 865 92,
2116 804 2163 856 3.
2220 803 2494 857 Cretensis
2531 802 2560 855 Ι
2596 801 2683 864 45,

1608 892 1657 945 9.
1714 890 1974 954 Creticus,
2033 890 2147 944 eius
2204 906 2354 943 sacra
2399 889 2427 942 Ι
2472 890 2557 955 85,
2601 891 2684 943 11.

1609 978 1728 1040 689,
1767 979 1852 1031 24.
1910 979 2029 1031 Ioui
2069 977 2262 1047 Cyprio
2309 978 2544 1031 Teucrus
2582 979 2683 1031 hu·

1606 1085 1817 1120 manam
1875 1068 2109 1120 hostiam
2166 1069 2468 1121 immolauit
2518 1068 2545 1121 Ι
2598 1068 2682 1127 78,

1607 1158 1693 1210 22.
1733 1157 1854 1218 688,
1898 1159 1980 1211 17.
2027 1156 2395 1226 Labryandius
2442 1158 2470 1210 I
2505 1159 2591 1220 92,
2637 1158 2681 1210 1.

1607 1246 1834 1316 Laprius
1873 1247 1900 1299 Ι
1938 1246 2022 1308 92,
2072 1247 2103 1298 3
2146 1245 2233 1310 (cf.
2265 1245 2532 1314 Lamias).
2579 1246 2681 1298 La-

1608 1338 1763 1389 tiaris
1820 1336 2083 1404 sanguine
2139 1334 2371 1387 humano
2425 1334 2620 1386 colitur
2657 1333 2684 1385 Ι

1610 1427 1693 1487 79,
1750 1427 1800 1481 4.
1858 1426 1978 1489 688,
2040 1426 2119 1478 19.
2176 1422 2341 1475 Molio
2396 1422 2424 1475 1
2480 1424 2565 1483 92,
2632 1423 2682 1475 3.

1610 1514 1890 1583 Olympius
1949 1531 1978 1565 a
2033 1513 2292 1581 Dionysio
2350 1512 2612 1581 spoliatus
2656 1510 2685 1563 Ι

1611 1604 1728 1663 110,
1783 1605 1863 1656 15.
1912 1602 2033 1655 Ioui
2069 1601 2272 1654 Pistori
2311 1617 2404 1653 ara
2441 1601 2621 1668 posita
2657 1599 2685 1652 Ι

1609 1693 1694 1754 77,
1734 1692 1783 1743 6.
1823 1692 1945 1752 686,
1985 1691 2068 1744 24.
2109 1689 2415 1759 Triphylius
2454 1689 2480 1741 I
2517 1690 2603 1750 42,
2634 1689 2683 1743 6.

1608 1782 1722 1834 sine
1762 1781 2113 1835 contubernio
2155 1779 2396 1848 coniugis
2436 1779 2684 1846 filiaeque

1607 1869 1714 1921 coli
1758 1886 1865 1921 non
1913 1869 2054 1921 solet
2099 1868 2127 1921 Ι
2172 1869 2260 1931 43,
2313 1870 2393 1921 18.
2435 1869 2548 1921 eius
2588 1868 2686 1921 filii

1607 1959 1634 2011 Ι
1672 1961 1758 2019 62,
1816 1960 1866 2012 4.
1922 1958 2117 2027 Apollo
2173 1957 2337 2011 Liber
2388 1957 2684 2010 Mercurius

1605 2049 1782 2101 Minos
1857 2048 2066 2102 Aeacus
2142 2047 2590 2102 Rhadamanthus
2658 2047 2685 2099 Ι

1607 2138 1730 2202 653,
1776 2140 1835 2191 11
1878 2156 1946 2191 ss.
1988 2138 2211 2192 Curetes
2238 2138 2265 2190 Ι
2292 2138 2379 2200 44,
2419 2138 2502 2190 22.
2542 2135 2684 2190 iudi-

1608 2244 1727 2280 care
1786 2228 1928 2295 apud
1982 2227 2183 2280 inferos
2239 2226 2386 2278 Iouis
2444 2226 2611 2278 filiuni
2657 2226 2685 2278 I

1606 2319 1728 2380 653,
1770 2319 1850 2371 10.
1909 2334 2017 2369 non
2073 2316 2219 2368 Iouis
2258 2315 2359 2369 filii
2395 2315 2683 2367 Dardanus

1608 2410 1662 2460 et
1719 2407 1910 2467 IasiuS,
1970 2405 2063 2458 sed
2120 2403 2343 2473 Corythi
2388 2404 2415 2456 Ι
2463 2404 2548 2467 93,
2600 2404 2682 2457 11.

1608 2498 1724 2550 eius
1764 2497 2000 2566 abnepos
2039 2495 2411 2563 Agamemnon
2450 2493 2478 2546 Ι
2514 2493 2600 2556 93,
2630 2491 2681 2545 8.

1603 2586 1842 2639 Achilles
1882 2586 2122 2652 Aiaxque
2169 2587 2491 2653 pronepotes
2529 2582 2557 2635 Ι
2594 2583 2681 2644 93,

1604 2678 1652 2730 9.
1706 2675 1887 2728 Ulixes
1945 2673 2133 2726 eodem
2189 2670 2359 2741 gradu
2413 2672 2681 2740 proximus

1602 2765 1630 2817 I
1678 2766 1761 2828 93,
1811 2767 1858 2818 9.
1915 2765 2161 2818 Priamus
2217 2762 2382 2831 longa
2438 2762 2573 2815 serie
2632 2762 2682 2813 ei

1603 2855 1937 2923 propinquus
2003 2854 2030 2906 1
2096 2855 2179 2915 93,
2259 2853 2339 2905 10.
2415 2867 2681 2919 pronepos

1605 2943 1945 3013 Ganymedes
1982 2944 2009 2997 Ι
2048 2944 2132 3005 93,
2177 2942 2258 2995 12.
2306 2940 2453 2994 Iouis
2501 2940 2683 3009 aquila

1601 3036 1628 3087 I
1666 3035 1755 3095 41,
1796 3034 1844 3087 8.
1893 3033 1980 3095 48,
2029 3032 2077 3086 8.
2133 3033 2211 3086 11.
2251 3030 2455 3083 fulmen
2493 3029 2520 3081 I
2559 3029 2682 3090 678,

1603 3124 1652 3175 2.
1693 3139 1845 3176 sacra
1880 3122 1907 3175 Ι
1946 3123 2031 3185 85,
2075 3122 2156 3174 11.
2196 3121 2318 3184 689,
2348 3121 2432 3173 24.
2473 3121 2680 3172 scutum

1602 3210 1630 3262 I
1669 3212 1754 3273 85,
1808 3213 1891 3265 19.
1946 3211 2232 3264 simulacra
2269 3210 2296 3263 Ι
2333 3211 2420 3273 40,
2470 3211 2554 3262 24.
2595 3211 2681 3267 41.

1605 3301 1652 3354 1.
1691 3299 1740 3351 8.
1791 3301 2136 3353 simulacrum
2186 3301 2299 3352 eius
2339 3300 2397 3351 in
2435 3300 2684 3351 columna

1601 3405 1766 3457 prope
1815 3389 2188 3442 Nicomediam
2239 3389 2294 3441 ΙΙ
2341 3389 2398 3441 Μ
2438 3390 2555 3450 194,
2596 3389 2682 3443 25.

1601 3477 1805 3544 templa
1855 3479 1882 3531 I
1931 3479 2018 3541 41,
2071 3479 2120 3531 8.
2174 3479 2260 3541 42,
2317 3482 2364 3532 5.
2420 3478 2539 3540 386,
2594 3478 2679 3530 21.

1601 3572 1759 3620 tensa
1813 3567 1840 3619 Ι
1903 3567 2019 3630 171,
2081 3568 2125 3619 1.
2181 3566 2302 3618 Ioui
2357 3565 2681 3617 Maximinus

1600 3657 1756 3708 uouit
1794 3672 1850 3708 se
1891 3655 2317 3709 Christianorum
2355 3671 2552 3708 nomen
2592 3670 2681 3706 ex·

1599 3745 1895 3798 tincturum
1943 3745 1993 3796 H
2038 3744 2096 3797 M
2143 3746 2263 3808 226,
2317 3745 2397 3798 10.
2436 3744 2685 3812 Iuppiter

1602 3834 1667 3888 de
1725 3834 2112 3902 deflagratione
2163 3831 2348 3885 mundi
2387 3830 2530 3899 apud
2568 3829 2677 3882 Na-

1602 3940 1783 3976 sonem
1809 3923 1864 3976 11
1901 3923 2019 3984 127,
2048 3924 2096 3976 6.
2135 3921 2422 3990 Hystaspis
2454 3918 2518 3971 de
2547 3919 2681 3971 Ioue

1601 4013 1918 4065 uaticinium
1976 4012 2104 4080 quid
2160 4010 2431 4079 significet
2483 4008 2511 4061 Ι
2557 4005 2678 4064 640.

1605 4101 1829 4154 12-18,
1894 4101 1950 4152 in
2017 4100 2142 4153 fano
2206 4100 2355 4153 Iouis
2413 4098 2678 4168 Triphylii

1602 4193 1758 4258 gesta
1824 4190 1936 4242 eius
2003 4190 2069 4242 ab
2136 4190 2253 4258 ipso
2319 4189 2373 4241 in
2434 4188 2681 4242 columna

1602 4296 1762 4331 aurea
1808 4280 2107 4347 perscripta
2152 4280 2179 4332 1
2223 4278 2308 4341 42,
2350 4281 2400 4332 5.
2442 4278 2556 4331 eius
2596 4293 2679 4330 res

1597 4371 1789 4436 gestae
1847 4367 1912 4420 ab
1979 4368 2279 4420 Euhemero
2338 4366 2597 4419 collectae
2651 4365 2679 4417 I
