3132 5043
535 419 663 489 342

1590 414 1829 470 Index

531 610 903 663 Priscillianus
933 608 1491 662 successorHieroclis
1521 626 1672 678 prae·
1727 607 1992 677 pudicitia
2057 608 2083 661 I
2149 611 2270 673 565,
2341 612 2569 675 1—571,
2637 614 2683 669 9.
2748 616 2850 678 748,

606 699 737 752 sidis
775 699 832 752 ΙΙ
869 699 924 752 M
968 700 1085 761 189,
1125 700 1210 752 20.

1799 699 1993 751 5—22.

532 788 781 857 prodigia
811 787 1029 842 deorum
1050 805 1146 857 per
1165 787 1453 841 daemonas
1484 788 1678 839 effecta
1729 785 1911 854 pulmo
1951 786 2007 839 II
2045 789 2129 850 39,
2162 788 2210 841 3.
2256 790 2338 842 14.
2376 790 2588 844 animae
2628 792 2771 846 sedes
2803 794 2852 848 ΙΙ

605 876 630 929 Ι
673 879 791 938 125,
824 878 906 930 18.
942 878 1058 939 169,
1090 878 1139 930 9.
1171 878 1289 940 170,
1325 877 1405 929 13.
1438 877 1560 938 696,
1590 877 1677 929 20.

520 967 787 1035 prologus
826 966 882 1018 ΙΙ
924 967 1041 1032 156,
1082 967 1165 1019 10.

1804 876 1889 937 39,
1929 878 1978 929 2.
2022 876 2102 929 11.
2145 880 2501 948 corrumpitur
2535 880 2592 933 ΙΙ
2627 881 2710 946 40,
2746 885 2788 936 6.

1737 962 2019 1031 [Punicum
2068 965 2272 1019 bellum
2317 966 2344 1019 I
2390 968 2477 1032 21,
2517 970 2565 1022 9.
2605 971 2718 1034 633,
2759 973 2845 1042 16.]

532 1055 885 1108 Prometheus
914 1054 943 1107 1
973 1057 1092 1118 147,
1139 1056 1397 1119 15-149‚
1442 1056 1523 1109 12.
1556 1056 1678 1117 692,
1733 1068 2001 1120 purpurae
2030 1054 2406 1109 indumentum
2440 1058 2582 1125 apud
2610 1059 2848 1113 Romanos

605 1144 871 1205 21—693,
911 1145 963 1199 4.
1003 1145 1056 1198 ll
1095 1147 1143 1206 6.
1184 1146 1232 1197 2.

531 1231 845 1301 Propertius
950 1233 1244 1301 elegiarum
1344 1232 1575 1302 scriptor
1653 1233 1679 1285 I

606 1322 725 1383 124,
765 1323 814 1375 4.

531 1410 825 1479 prophetae
864 1410 890 1463 I
933 1412 1015 1473 ll,
1055 1412 1286 1474 21—13,
1338 1413 1387 1464 2.
1429 1411 1550 1469 284,
1595 1413 1676 1465 14.

603 1500 724 1559 401,
774 1502 822 1553 6.
873 1501 995 1559 624,
1048 1500 1127 1555 18.
1177 1501 1300 1560 660,
1355 1502 1437 1559 15.
1494 1501 1575 1555 18.
1623 1501 1677 1553 Ιῐ

1804 1139 1831 1192 Ι
1870 1143 1990 1203 294,
2024 1146 2073 1196 5.
2110 1142 2476 1211 Augustorum
2518 1148 2709 1199 aetatis
2735 1149 2847 1201 Dio-

1807 1229 2028 1284 cletiani
2083 1236 2139 1285 et
2185 1232 2532 1287 Constantini
2571 1235 2625 1288 11
2661 1237 2715 1288 M
2750 1239 2847 1299 195,

1808 1319 1889 1372 10.
1947 1320 2069 1383 201,
2133 1323 2216 1376 17.
2275 1322 2397 1384 202,
2455 1324 2525 1377 20
2586 1342 2626 1377 s,
2664 1326 2774 1388 203,
2806 1328 2845 1382 2.

1807 1408 1927 1465 207.
1969 1410 2017 1462 5.
2057 1411 2179 1473 227,
2218 1411 2303 1463 28.
2345 1411 2465 1474 228,
2506 1413 2555 1466 8.
2590 1411 2847 1467 Caesarum

1805 1495 1860 1548 II
1897 1497 1954 1549 M
1995 1499 2113 1562 194,
2153 1500 2201 1551 6.
2239 1500 2326 1555 24.
2369 1502 2489 1563 195,
2534 1502 2614 1557 11.

608 1588 725 1649 123,
799 1589 878 1641 14.
946 1588 1073 1641 falsi
1146 1590 1443 1657 prophetae
1514 1590 1681 1653 (inter
1735 1584 2004 1652 Pygmcae
2043 1591 2233 1655 gentes
2273 1587 2331 1640 II
2367 1589 2451 1642 Ph
2493 1590 2611 1655 140,
2649 1591 2729 1644 81.

606 1674 964 1744 Christianos)
1010 1676 1038 1729 Ι
1076 1676 1197 1739 395,
1254 1680 1305 1731 4.
1361 1677 1679 1731 imminente
1734 1672 2062 1741 Pyrrhonius
2101 1676 2338 1729 Herillus
2377 1677 2404 1730 I
2444 1678 2564 1740 703,
2609 1681 2687 1732 11.

605 1768 906 1832 temporum
938 1763 1278 1818 conclusione
1298 1782 1526 1835 magnus
1555 1784 1676 1835 pro·
1734 1761 1972 1831 Pyrrhus
2018 1764 2360 1833 naufragium
2398 1766 2533 1820 fecit
2570 1767 2598 1820 I
2639 1769 2745 1831 127,
2781 1770 2848 1824 12.

606 1853 771 1920 pheta
818 1853 1067 1906 mittetur
1115 1870 1147 1907 a
1195 1854 1312 1917 de0,
1369 1856 1482 1909 eius
1535 1855 1682 1909 facta

1811 1852 1929 1916 169,
1973 1853 2054 1906 15.

608 1958 747 1993 mors
778 1943 1098 1996 resurrectio
1121 1943 1148 1995 I
1169 1944 1289 2007 638,
1321 1945 1513 1997 6-19.
1545 1944 1679 1997 duos
1735 1939 2078 2008 Pythagorae
2127 1947 2444 2013 praeceptor
2479 1945 2798 2014 Pherecydes
2829 1945 2850 1997 I

608 2029 900 2097 prophetas
941 2031 1095 2084 uiuos
1136 2048 1253 2085 esse
1292 2035 1587 2086 translatos
1624 2034 1678 2085 in

608 2117 800 2171 ultima
872 2122 1119 2189 tempora
1197 2124 1320 2174 ante
1396 2122 1681 2191 imperium

609 2205 808 2259 Christi
849 2212 1095 2263 sanctum
1127 2212 1184 2263 et
1212 2211 1596 2279 sempiternum
1626 2212 1681 2264 II

605 2294 663 2347 M
706 2296 821 2358 175,
867 2298 945 2350 15.
986 2298 1383 2353 mendaciorum
1414 2302 1681 2369 propheta

607 2385 633 2437 Ι
685 2386 805 2448 639,
850 2387 894 2438 l.
936 2416 1002 2425 --
1055 2387 1119 2440 cf.
1165 2386 1427 2441 Christus,
1475 2388 1679 2442 Iudaei.

611 2474 849 2543 spiritus,

537 2563 862 2634 Proserpina
900 2563 1108 2619 Cereris
1147 2567 1261 2619 filia
1297 2566 1325 2619 I
1361 2567 1447 2628 65,
1484 2568 1527 2621 1.
1557 2567 1680 2630 682,

608 2653 691 2706 20.
731 2659 889 2722 rapta
929 2658 984 2706 et
1023 2657 1272 2722 quaesita
1304 2656 1331 2708 1
1361 2656 1445 2718 83,
1477 2658 1524 2709 2.
1559 2657 1679 2720 112,

614 2742 692 2795 16.
738 2743 857 2802 689,
902 2743 983 2795 16.

535 2828 862 2897 Protagoras
912 2830 1040 2883 deos
1087 2833 1143 2884 in
1192 2832 1413 2886 dubium
1460 2834 1684 2888 uocauit

610 2919 634 2970 Ι
675 2921 723 2980 6,
757 2922 838 2973 14.
870 2919 935 2971 ab
968 2920 1389 2975 Atheniensibus
1430 2923 1680 2992 expulsus

610 3007 664 3059 ΙΙ
704 3008 788 3068 82,
832 3010 912 3062 19.

537 3096 882 3164 prouidentia
906 3098 1037 3167 (dei)
1062 3099 1088 3151 Ι
1109 3100 1157 3159 6,
1183 3100 1371 3160 11-7,
1400 3101 1479 3154 16.
1511 3102 1628 3167 138,
1651 3104 1680 3155 7

612 3201 677 3236 ss.
723 3186 839 3246 149,
884 3186 964 3238 19.
1010 3188 1124 3249 154,
1162 3190 1214 3260 ¹5.
1254 3190 1374 3252 592,
1420 3191 1680 3252 13-593,

614 3273 692 3324 12.
735 3275 855 3335 676,
891 3275 1082 3328 5-16.
1122 3275 1254 3338 116,
1286 3278 1335 3329 4.
1380 3279 1460 3342 18,
1504 3279 1587 3331 18.
1628 3279 1681 3332 ΙΙ

608 3361 1031 3423 82,16--94,18.
1054 3364 1110 3416 in
1132 3364 1438 3419 hominibus
1462 3368 1681 3420 ceteris-

611 3467 713 3518 que
752 3452 1073 3505 animalibus
1114 3460 1341 3523 apparet
1378 3456 1404 3508 Ι
1442 3457 1562 3520 253,
1600 3457 1679 3509 16.

1808 2029 1929 2091 610,
1969 2033 2018 2085 6.
2058 2031 2259 2085 itinera
2287 2032 2313 2083 Ι
2343 2034 2465 2096 277,
2503 2036 2581 2089 15.
2619 2034 2850 2086 maximae

1809 2122 1987 2172 sectae
2025 2121 2274 2190 princeps
2312 2121 2368 2174 II
2406 2122 2493 2185 94,
2522 2122 2570 2175 2.
2608 2122 2663 2175 in
2699 2124 2849 2191 priore

1808 2208 1925 2260 uita
1963 2209 2284 2278 Euphorbus
2322 2209 2349 2262 Ι
2387 2212 2509 2274 239,
2553 2212 2633 2264 19.
2673 2213 2781 2271 656,
2807 2211 2847 2263 8.

1810 2296 1930 2359 707,
1973 2298 2056 2349 12.
2115 2314 2310 2351 nomen
2363 2299 2735 2369 philosophiae
2782 2300 2849 2351 in-

1808 2385 1959 2438 uenit
1995 2385 2022 2439 I
2065 2386 2182 2448 180,
2225 2387 2304 2441 15.
2355 2388 2558 2456 primus
2607 2405 2662 2441 se
2698 2388 2849 2456 philo-

1808 2474 2036 2544 sophum
2074 2476 2376 2529 nominauit
2409 2476 2438 2530 I
2478 2478 2596 2538 180,
2634 2478 2713 2532 20.
2748 2477 2850 2540 216,

1809 2565 1893 2617 21.
1936 2565 2055 2627 707,
2097 2566 2145 2619 2.
2194 2565 2559 2619 Termaximus
2604 2566 2755 2635 longe
2798 2582 2847 2618 eo

1809 2654 2081 2722 antiquior
2134 2654 2190 2708 11
2240 2655 2326 2717 97,
2378 2654 2410 2707 8
2485 2655 2851 2723 prouidentiam

1810 2760 1924 2796 esse
1965 2741 2231 2796 iudicauit
2266 2743 2322 2796 ΙΙ
2360 2744 2446 2805 93,
2489 2745 2571 2798 14.
2611 2745 2692 2806 94,
2721 2745 2765 2796 2.
2796 2743 2850 2794 de

1809 2829 1908 2883 deo
1956 2830 1985 2884 Ι
2038 2833 2123 2895 16,
2175 2833 2256 2888 10.
2304 2834 2426 2896 679,
2476 2835 2524 2886 5.
2577 2833 2634 2885 Π
2669 2834 2851 2894 97,14.

1809 2919 1875 2972 de
1920 2920 2312 2974 inmortalitate
2360 2923 2570 2975 animae
2605 2922 2633 2975 I
2670 2921 2776 2984 610,
2810 2922 2851 2973 6.

1809 3011 1930 3070 625,
1983 3010 2064 3063 11.
2125 3011 2244 3073 707,
2295 3012 2341 3063 7.
2393 3010 2527 3063 dixit
2575 3010 2766 3063 animas
2806 3010 2854 3060 in

1810 3115 1951 3150 noua
2008 3116 2230 3169 corpora
2287 3100 2514 3152 transire
2571 3099 2598 3151 I
2652 3099 2761 3162 243,
2795 3096 2854 3149 20

1811 3205 1878 3241 ss.
1933 3189 2053 3251 624,
2103 3190 2151 3243 6.
2193 3188 2315 3249 656,
2354 3190 2404 3242 6.
2446 3189 2567 3251 707,
2609 3189 2654 3240 7.
2699 3185 2855 3238 uetuit

1809 3276 2053 3329 homines
2112 3276 2432 3329 animalibus
2491 3277 2637 3330 uesci
2684 3276 2706 3328 1
2752 3275 2856 3335 243,

1813 3366 1893 3418 19.
1953 3365 2220 3418 inridetur
2265 3364 2289 3416 I
2337 3366 2461 3428 239,
2513 3366 2595 3419 19.
2636 3366 2749 3428 707,
2785 3363 2854 3416 12.

1810 3454 2169 3523 [Pythagoras
2208 3455 2235 3506 Ι
2272 3455 2393 3516 259,
2434 3456 2466 3507 5
2506 3454 2628 3507 adn.
2668 3453 2750 3521 cr.]

610 3541 732 3603 595,
785 3541 829 3597 1.
880 3540 936 3593 ΙΙ
986 3544 1033 3606 7,
1089 3545 1168 3596 12.
1223 3544 1303 3604 18,
1346 3546 1428 3598 22.
1471 3547 1554 3608 21,
1599 3547 1679 3599 16.
1737 3541 2067 3611 Pythagorei
2107 3543 2172 3596 de
2211 3542 2553 3612 prouidentia
2591 3546 2646 3596 et
2679 3539 2856 3594 mundo

611 3631 695 3690 22,
762 3632 793 3684 9
861 3648 930 3684 ss,
992 3633 1365 3701 prouidentiae
1433 3636 1684 3702 congruit

611 3735 726 3771 esse
765 3719 908 3772 mala
943 3719 970 3772 I
1008 3722 1127 3783 697,
1161 3722 1191 3774 6
1222 3739 1316 3785 ss.;
1360 3723 1423 3775 cf.
1463 3723 1681 3778 bonum.

1810 3630 1835 3682 1
1889 3632 2007 3694 138,
2063 3633 2143 3685 12.
2198 3631 2262 3684 de
2316 3632 2495 3684 anima
2542 3631 2571 3684 1
2622 3632 2734 3691 236,
2784 3629 2853 3681 14.

1810 3719 1915 3772 duo
1942 3720 2235 3775 familiares
2258 3722 2312 3773 et
2332 3721 2591 3788 tyrannus
2620 3720 2646 3772 Ι
2672 3721 2783 3781 456,
2812 3717 2854 3769 2.

609 3808 824 3861 malum.
863 3809 1179 3863 Lactantius
1217 3813 1493 3880 proprium
1524 3812 1590 3865 de
1622 3829 1684 3865 ea
1739 3808 1971 3877 Pythius
2013 3808 2252 3878 (Apollo)
2294 3808 2320 3860 Ι
2359 3808 2479 3872 708,
2525 3811 2570 3861 1.

610 3897 802 3949 librum
858 3900 961 3964 (De
1020 3899 1231 3967 opificio
1290 3899 1401 3970 dei)
1459 3901 1527 3954 ad
1574 3903 1681 3954 De-

609 3987 933 4040 metrianum
955 3987 1253 4041 auditorem
1284 4006 1437 4042 suum
1467 3990 1684 4059 scripsit
1742 3985 2155 4056 Quadrupedum
2189 3986 2516 4039 constructio
2546 3985 2603 4039 ΙΙ
2632 3987 2710 4048 26,
2742 3986 2770 4037 3
2795 3999 2854 4035 ss,

612 4076 637 4127 Ι
666 4076 779 4138 150,
806 4076 848 4129 1.
874 4076 1221 4146 Asclepiades
1244 4078 1308 4130 de
1341 4078 1684 4147 prouidentia
1741 4074 2151 4143 quindecimuiri
2197 4075 2226 4129 Ι
2275 4076 2359 4138 20,
2416 4077 2496 4129 11.
2545 4075 2629 4138 22,
2669 4075 2746 4128 21.
2783 4071 2857 4133 23,

613 4164 805 4216 summi
843 4164 932 4218 dei
971 4165 1025 4217 in
1066 4183 1127 4219 eo
1168 4167 1305 4219 libro
1357 4184 1514 4235 quem
1553 4168 1681 4221 scri-

612 4253 723 4321 psit
762 4252 829 4305 ad
866 4253 1208 4307 Lactantium
1247 4253 1274 4306 I
1313 4256 1433 4318 595,
1474 4257 1558 4309 25.

539 4341 812 4394 Pudicitia
849 4341 950 4394 dea
985 4341 1012 4394 I
1049 4343 1171 4405 687,
1212 4346 1260 4398 7.

1811 4165 1858 4216 9.
1900 4164 2020 4219 680.
2065 4166 2146 4218 10.

1741 4254 2107 4319 Quintilianus
2161 4254 2377 4323 egregie
2432 4269 2491 4306 ac
2542 4251 2772 4305 breuiter
2810 4248 2855 4298 in

1810 4343 2001 4413 Capite
2054 4344 2312 4397 obuoluto
2352 4342 2379 4395 Ι
2415 4343 2537 4405 420,
2578 4342 2626 4395 8.
2678 4339 2859 4409 optime
