<?xml version="1.0" encoding="UTF-8"?>
<!DOCTYPE html PUBLIC "-//W3C//DTD XHTML 1.0 Transitional//EN"
    "http://www.w3.org/TR/xhtml1/DTD/xhtml1-transitional.dtd">
<html xmlns="http://www.w3.org/1999/xhtml" xml:lang="en" lang="en">
 <head>
  <title>
</title>
<meta http-equiv="Content-Type" content="text/html;charset=utf-8" />
  <meta name='ocr-system' content='tesseract 3.04.00' />
  <meta name='ocr-capabilities' content='ocr_page ocr_carea ocr_par ocr_line ocrx_word'/>
</head>
<body>
  <div class='ocr_page' id='page_1' title='image "./corpusscriptoru30wissgoog_0196.png"; bbox 0 0 3132 5043; ppageno 0'>
   <div class='ocr_carea' id='block_1_1' title="bbox 156 44 771 371">
    <p class='ocr_par' dir='ltr' id='par_1_1' title="bbox 156 44 771 371">
     <span class='ocr_line' id='line_1_1' title="bbox 156 44 771 371; baseline 0 -8"><span class='ocrx_word' id='word_1_1' title='bbox 156 44 771 371; x_wconf 60' lang='lat' dir='ltr'><em>s</em></span> 
     </span>
    </p>
   </div>
   <div class='ocr_carea' id='block_1_2' title="bbox 515 443 1803 511">
    <p class='ocr_par' dir='ltr' id='par_1_2' title="bbox 515 443 1803 511">
     <span class='ocr_line' id='line_1_2' title="bbox 515 443 1803 511; baseline -0.013 -1"><span class='ocrx_word' id='word_1_2' title='bbox 515 448 643 511; x_wconf 78' lang='lat'>324</span> <span class='ocrx_word' id='word_1_3' title='bbox 1565 443 1803 496; x_wconf 80' lang='lat' dir='ltr'>Index</span> 
     </span>
    </p>
   </div>
   <div class='ocr_carea' id='block_1_3' title="bbox 578 635 2837 2204">
    <p class='ocr_par' dir='ltr' id='par_1_3' title="bbox 578 635 2836 1237">
     <span class='ocr_line' id='line_1_3' title="bbox 579 635 2831 705; baseline -0 -15"><span class='ocrx_word' id='word_1_4' title='bbox 579 639 663 699; x_wconf 88' lang='grc'>22,</span> <span class='ocrx_word' id='word_1_5' title='bbox 704 639 751 690; x_wconf 88' lang='grc'>9.</span> <span class='ocrx_word' id='word_1_6' title='bbox 795 636 948 705; x_wconf 87' lang='lat' dir='ltr'>quasi</span> <span class='ocrx_word' id='word_1_7' title='bbox 989 635 1193 689; x_wconf 86' lang='lat' dir='ltr'>oblitus</span> <span class='ocrx_word' id='word_1_8' title='bbox 1234 639 1531 689; x_wconf 86' lang='lat' dir='ltr'>atomorum</span> <span class='ocrx_word' id='word_1_9' title='bbox 1576 653 1660 688; x_wconf 88' lang='lat' dir='ltr'>ar·</span> <span class='ocrx_word' id='word_1_10' title='bbox 1721 635 1966 703; x_wconf 82' lang='lat' dir='ltr'><strong>[Macedo</strong></span> <span class='ocrx_word' id='word_1_11' title='bbox 2019 635 2318 689; x_wconf 81' lang='lat' dir='ltr'><strong>Alexander</strong></span> <span class='ocrx_word' id='word_1_12' title='bbox 2369 635 2396 687; x_wconf 99' lang='grc' dir='ltr'>Ι</span> <span class='ocrx_word' id='word_1_13' title='bbox 2450 636 2534 698; x_wconf 87' lang='grc'>21,</span> <span class='ocrx_word' id='word_1_14' title='bbox 2574 636 2640 705; x_wconf 89' lang='grc'>4].</span> <span class='ocrx_word' id='word_1_15' title='bbox 2677 636 2831 689; x_wconf 83' lang='lat' dir='ltr'>Mace-</span> 
     </span>
     <span class='ocr_line' id='line_1_4' title="bbox 580 723 2831 794; baseline 0 -17"><span class='ocrx_word' id='word_1_16' title='bbox 580 725 852 794; x_wconf 86' lang='lat' dir='ltr'>gumentis</span> <span class='ocrx_word' id='word_1_17' title='bbox 918 740 1045 776; x_wconf 87' lang='lat' dir='ltr'>usus</span> <span class='ocrx_word' id='word_1_18' title='bbox 1121 727 1205 777; x_wconf 88' lang='lat' dir='ltr'>est</span> <span class='ocrx_word' id='word_1_19' title='bbox 1272 741 1408 792; x_wconf 85' lang='lat' dir='ltr'>quae</span> <span class='ocrx_word' id='word_1_20' title='bbox 1475 728 1663 776; x_wconf 87' lang='lat' dir='ltr'>eontra</span> <span class='ocrx_word' id='word_1_21' title='bbox 1790 723 1955 777; x_wconf 89' lang='lat' dir='ltr'>dones</span> <span class='ocrx_word' id='word_1_22' title='bbox 1996 725 2249 780; x_wconf 83' lang='lat' dir='ltr'>Cabirum</span> <span class='ocrx_word' id='word_1_23' title='bbox 2291 725 2572 778; x_wconf 87' lang='lat' dir='ltr'>coluerunt</span> <span class='ocrx_word' id='word_1_24' title='bbox 2606 725 2735 787; x_wconf 87' lang='lat'>156,</span> <span class='ocrx_word' id='word_1_25' title='bbox 2765 728 2831 779; x_wconf 84' lang='lat'>17.</span> 
     </span>
     <span class='ocr_line' id='line_1_5' title="bbox 579 812 2629 883; baseline -0 -17"><span class='ocrx_word' id='word_1_26' title='bbox 579 815 752 882; x_wconf 86' lang='lat' dir='ltr'>ipsum</span> <span class='ocrx_word' id='word_1_27' title='bbox 810 813 1058 883; x_wconf 86' lang='lat' dir='ltr'>ualerent</span> <span class='ocrx_word' id='word_1_28' title='bbox 1105 813 1160 865; x_wconf 88' lang='grc' dir='ltr'>ΙΙ</span> <span class='ocrx_word' id='word_1_29' title='bbox 1207 814 1292 875; x_wconf 94' lang='grc'>87,</span> <span class='ocrx_word' id='word_1_30' title='bbox 1346 813 1425 867; x_wconf 93' lang='grc'>11.</span> <span class='ocrx_word' id='word_1_31' title='bbox 1486 813 1661 866; x_wconf 87' lang='lat' dir='ltr'>cultus</span> <span class='ocrx_word' id='word_1_32' title='bbox 1787 812 1932 866; x_wconf 87' lang='lat' dir='ltr'>bello</span> <span class='ocrx_word' id='word_1_33' title='bbox 1971 813 2317 866; x_wconf 87' lang='lat' dir='ltr'>Macedonico</span> <span class='ocrx_word' id='word_1_34' title='bbox 2357 813 2384 865; x_wconf 99' lang='grc' dir='ltr'>Ι</span> <span class='ocrx_word' id='word_1_35' title='bbox 2428 814 2544 876; x_wconf 92' lang='grc'>126,</span> <span class='ocrx_word' id='word_1_36' title='bbox 2582 814 2629 865; x_wconf 90' lang='grc'>4.</span> 
     </span>
     <span class='ocr_line' id='line_1_6' title="bbox 579 901 2834 972; baseline 0.001 -21"><span class='ocrx_word' id='word_1_37' title='bbox 579 902 800 955; x_wconf 87' lang='lat' dir='ltr'>deorum</span> <span class='ocrx_word' id='word_1_38' title='bbox 857 902 1016 953; x_wconf 85' lang='lat' dir='ltr'>inane</span> <span class='ocrx_word' id='word_1_39' title='bbox 1072 918 1188 953; x_wconf 79' lang='lat' dir='ltr'>esse</span> <span class='ocrx_word' id='word_1_40' title='bbox 1240 901 1476 953; x_wconf 88' lang='lat' dir='ltr'>officium</span> <span class='ocrx_word' id='word_1_41' title='bbox 1534 918 1660 954; x_wconf 71' lang='grc'>(1-11-</span> <span class='ocrx_word' id='word_1_42' title='bbox 1717 920 1994 972; x_wconf 83' lang='lat' dir='ltr'>magorum</span> <span class='ocrx_word' id='word_1_43' title='bbox 2024 904 2160 955; x_wconf 89' lang='lat' dir='ltr'>ritus</span> <span class='ocrx_word' id='word_1_44' title='bbox 2192 902 2357 965; x_wconf 89' lang='lat'>1277,</span> <span class='ocrx_word' id='word_1_45' title='bbox 2393 904 2834 971; x_wconf 84' lang='lat' dir='ltr'>16.—magorum</span> 
     </span>
     <span class='ocr_line' id='line_1_7' title="bbox 578 989 2835 1060; baseline 0 -17"><span class='ocrx_word' id='word_1_46' title='bbox 578 992 766 1043; x_wconf 87' lang='lat' dir='ltr'>fitetur</span> <span class='ocrx_word' id='word_1_47' title='bbox 804 989 830 1041; x_wconf 97' lang='lat' dir='ltr'>I</span> <span class='ocrx_word' id='word_1_48' title='bbox 873 991 987 1051; x_wconf 86' lang='grc'>105,</span> <span class='ocrx_word' id='word_1_49' title='bbox 1032 991 1112 1043; x_wconf 89' lang='grc'>12.</span> <span class='ocrx_word' id='word_1_50' title='bbox 1165 991 1407 1058; x_wconf 89' lang='lat' dir='ltr'>queritur</span> <span class='ocrx_word' id='word_1_51' title='bbox 1454 989 1519 1042; x_wconf 90' lang='lat' dir='ltr'>de</span> <span class='ocrx_word' id='word_1_52' title='bbox 1560 989 1660 1042; x_wconf 87' lang='lat' dir='ltr'>deo</span> <span class='ocrx_word' id='word_1_53' title='bbox 1791 1009 1873 1044; x_wconf 85' lang='lat' dir='ltr'>ars</span> <span class='ocrx_word' id='word_1_54' title='bbox 1905 993 2225 1046; x_wconf 87' lang='lat' dir='ltr'>daemonum</span> <span class='ocrx_word' id='word_1_55' title='bbox 2256 991 2705 1060; x_wconf 85' lang='lat' dir='ltr'>adspirationibus</span> <span class='ocrx_word' id='word_1_56' title='bbox 2732 1008 2835 1044; x_wconf 87' lang='lat' dir='ltr'>con-</span> 
     </span>
     <span class='ocr_line' id='line_1_8' title="bbox 579 1078 2836 1149; baseline 0.001 -18"><span class='ocrx_word' id='word_1_57' title='bbox 579 1081 695 1149; x_wconf 90' lang='lat' dir='ltr'>ipso</span> <span class='ocrx_word' id='word_1_58' title='bbox 737 1095 835 1131; x_wconf 89' lang='lat' dir='ltr'>sua</span> <span class='ocrx_word' id='word_1_59' title='bbox 871 1078 1077 1147; x_wconf 85' lang='lat' dir='ltr'>templa</span> <span class='ocrx_word' id='word_1_60' title='bbox 1115 1078 1429 1131; x_wconf 86' lang='lat' dir='ltr'>fulminibus</span> <span class='ocrx_word' id='word_1_61' title='bbox 1461 1078 1660 1130; x_wconf 86' lang='lat' dir='ltr'>distur-</span> <span class='ocrx_word' id='word_1_62' title='bbox 1790 1084 1899 1134; x_wconf 85' lang='lat' dir='ltr'>stat</span> <span class='ocrx_word' id='word_1_63' title='bbox 1939 1081 1965 1133; x_wconf 97' lang='lat' dir='ltr'>I</span> <span class='ocrx_word' id='word_1_64' title='bbox 2006 1082 2121 1145; x_wconf 84' lang='lat'>164,</span> <span class='ocrx_word' id='word_1_65' title='bbox 2162 1083 2211 1134; x_wconf 86' lang='lat'>9.</span> <span class='ocrx_word' id='word_1_66' title='bbox 2268 1081 2384 1143; x_wconf 89' lang='grc'>167,</span> <span class='ocrx_word' id='word_1_67' title='bbox 2425 1082 2474 1133; x_wconf 88' lang='grc'>2.</span> <span class='ocrx_word' id='word_1_68' title='bbox 2516 1082 2632 1144; x_wconf 91' lang='grc'>696,</span> <span class='ocrx_word' id='word_1_69' title='bbox 2672 1081 2747 1133; x_wconf 83' lang='lat'>15.</span> <span class='ocrx_word' id='word_1_70' title='bbox 2782 1112 2836 1118; x_wconf 93' lang='lat'>—</span> 
     </span>
     <span class='ocr_line' id='line_1_9' title="bbox 580 1167 2413 1237; baseline -0.001 -16"><span class='ocrx_word' id='word_1_71' title='bbox 580 1169 747 1221; x_wconf 87' lang='lat' dir='ltr'>bante</span> <span class='ocrx_word' id='word_1_72' title='bbox 805 1167 832 1219; x_wconf 97' lang='grc' dir='ltr'>Ι</span> <span class='ocrx_word' id='word_1_73' title='bbox 888 1168 1010 1230; x_wconf 90' lang='grc'>230,</span> <span class='ocrx_word' id='word_1_74' title='bbox 1069 1168 1118 1224; x_wconf 90' lang='grc'>3.</span> <span class='ocrx_word' id='word_1_75' title='bbox 1189 1168 1269 1220; x_wconf 90' lang='lat'>17.</span> <span class='ocrx_word' id='word_1_76' title='bbox 1336 1167 1662 1236; x_wconf 83' lang='lat' dir='ltr'>religionum</span> <span class='ocrx_word' id='word_1_77' title='bbox 1789 1186 2002 1237; x_wconf 85' lang='lat' dir='ltr'>magus:</span> <span class='ocrx_word' id='word_1_78' title='bbox 2044 1168 2108 1222; x_wconf 91' lang='lat' dir='ltr'>cf.</span> <span class='ocrx_word' id='word_1_79' title='bbox 2151 1167 2413 1222; x_wconf 83' lang='lat' dir='ltr'>Christus.</span> 
     </span>
    </p>

    <p class='ocr_par' dir='ltr' id='par_1_4' title="bbox 578 1255 2837 2204">
     <span class='ocr_line' id='line_1_10' title="bbox 581 1255 2837 1324; baseline -0 -16"><span class='ocrx_word' id='word_1_80' title='bbox 581 1257 788 1309; x_wconf 87' lang='lat' dir='ltr'>animos</span> <span class='ocrx_word' id='word_1_81' title='bbox 807 1255 964 1309; x_wconf 87' lang='lat' dir='ltr'>nodis</span> <span class='ocrx_word' id='word_1_82' title='bbox 988 1256 1261 1309; x_wconf 85' lang='lat' dir='ltr'>exsoluere</span> <span class='ocrx_word' id='word_1_83' title='bbox 1292 1273 1399 1308; x_wconf 92' lang='lat' dir='ltr'>non</span> <span class='ocrx_word' id='word_1_84' title='bbox 1429 1259 1660 1324; x_wconf 87' lang='lat' dir='ltr'>poterat,</span> <span class='ocrx_word' id='word_1_85' title='bbox 1718 1258 1980 1309; x_wconf 84' lang='lat' dir='ltr'>maiorum</span> <span class='ocrx_word' id='word_1_86' title='bbox 2018 1257 2220 1309; x_wconf 85' lang='lat' dir='ltr'>nullam</span> <span class='ocrx_word' id='word_1_87' title='bbox 2255 1272 2371 1309; x_wconf 82' lang='lat' dir='ltr'>esse</span> <span class='ocrx_word' id='word_1_88' title='bbox 2401 1257 2458 1308; x_wconf 93' lang='lat' dir='ltr'>in</span> <span class='ocrx_word' id='word_1_89' title='bbox 2487 1256 2738 1324; x_wconf 85' lang='lat' dir='ltr'>religione</span> <span class='ocrx_word' id='word_1_90' title='bbox 2763 1273 2837 1307; x_wconf 88' lang='lat' dir='ltr'>au-</span> 
     </span>
     <span class='ocr_line' id='line_1_11' title="bbox 582 1344 2836 1414; baseline -0 -17"><span class='ocrx_word' id='word_1_91' title='bbox 582 1346 709 1414; x_wconf 88' lang='lat' dir='ltr'>quia</span> <span class='ocrx_word' id='word_1_92' title='bbox 750 1345 890 1398; x_wconf 89' lang='lat' dir='ltr'>nihil</span> <span class='ocrx_word' id='word_1_93' title='bbox 933 1344 1045 1397; x_wconf 90' lang='lat' dir='ltr'>ueri</span> <span class='ocrx_word' id='word_1_94' title='bbox 1084 1344 1369 1397; x_wconf 82' lang='lat' dir='ltr'><strong>adferebat</strong></span> <span class='ocrx_word' id='word_1_95' title='bbox 1395 1345 1422 1397; x_wconf 95' lang='lat' dir='ltr'>I</span> <span class='ocrx_word' id='word_1_96' title='bbox 1452 1346 1536 1408; x_wconf 91' lang='grc'>61,</span> <span class='ocrx_word' id='word_1_97' title='bbox 1581 1346 1660 1397; x_wconf 90' lang='grc'>16.</span> <span class='ocrx_word' id='word_1_98' title='bbox 1792 1345 2289 1407; x_wconf 84' lang='lat' dir='ltr'>ctoritatem1122,</span> <span class='ocrx_word' id='word_1_99' title='bbox 2321 1345 2587 1407; x_wconf 84' lang='lat'>20—125,</span> <span class='ocrx_word' id='word_1_100' title='bbox 2629 1346 2705 1397; x_wconf 89' lang='grc'>12.</span> <span class='ocrx_word' id='word_1_101' title='bbox 2732 1346 2836 1406; x_wconf 86' lang='grc'>462,</span> 
     </span>
     <span class='ocr_line' id='line_1_12' title="bbox 578 1432 1661 1501; baseline 0 -16"><span class='ocrx_word' id='word_1_102' title='bbox 578 1433 771 1486; x_wconf 89' lang='lat' dir='ltr'>melius</span> <span class='ocrx_word' id='word_1_103' title='bbox 813 1437 996 1501; x_wconf 87' lang='lat' dir='ltr'>(quam</span> <span class='ocrx_word' id='word_1_104' title='bbox 1038 1432 1247 1499; x_wconf 85' lang='lat' dir='ltr'>Cicero)</span> <span class='ocrx_word' id='word_1_105' title='bbox 1300 1450 1497 1486; x_wconf 91' lang='lat' dir='ltr'>nomen</span> <span class='ocrx_word' id='word_1_106' title='bbox 1535 1433 1661 1485; x_wconf 89' lang='lat' dir='ltr'>reli·</span> 
     </span>
     <span class='ocr_line' id='line_1_13' title="bbox 584 1522 1660 1591; baseline 0.001 -18"><span class='ocrx_word' id='word_1_107' title='bbox 584 1522 759 1591; x_wconf 89' lang='lat' dir='ltr'>gionis</span> <span class='ocrx_word' id='word_1_108' title='bbox 817 1522 1209 1591; x_wconf 88' lang='lat' dir='ltr'>interpretatus</span> <span class='ocrx_word' id='word_1_109' title='bbox 1267 1528 1350 1574; x_wconf 84' lang='lat' dir='ltr'>est</span> <span class='ocrx_word' id='word_1_110' title='bbox 1386 1522 1413 1574; x_wconf 96' lang='grc' dir='ltr'>Ι</span> <span class='ocrx_word' id='word_1_111' title='bbox 1452 1524 1572 1585; x_wconf 89' lang='grc'>391,</span> <span class='ocrx_word' id='word_1_112' title='bbox 1613 1524 1660 1574; x_wconf 91' lang='grc'>6.</span> 
     </span>
     <span class='ocr_line' id='line_1_14' title="bbox 582 1611 1660 1679; baseline -0.001 -16"><span class='ocrx_word' id='word_1_113' title='bbox 582 1611 829 1664; x_wconf 85' lang='lat' dir='ltr'>homines</span> <span class='ocrx_word' id='word_1_114' title='bbox 869 1612 1110 1679; x_wconf 87' lang='lat' dir='ltr'>grauiter</span> <span class='ocrx_word' id='word_1_115' title='bbox 1140 1615 1358 1664; x_wconf 86' lang='lat' dir='ltr'>accusat</span> <span class='ocrx_word' id='word_1_116' title='bbox 1385 1615 1660 1679; x_wconf 83' lang='lat' dir='ltr'>tamquam</span> 
     </span>
     <span class='ocr_line' id='line_1_15' title="bbox 581 1699 1662 1763; baseline 0.001 -12"><span class='ocrx_word' id='word_1_117' title='bbox 581 1699 811 1752; x_wconf 79' lang='lat' dir='ltr'>humiles</span> <span class='ocrx_word' id='word_1_118' title='bbox 853 1703 909 1752; x_wconf 91' lang='lat' dir='ltr'>et</span> <span class='ocrx_word' id='word_1_119' title='bbox 948 1700 1188 1753; x_wconf 86' lang='lat' dir='ltr'>abiectos</span> <span class='ocrx_word' id='word_1_120' title='bbox 1227 1700 1252 1752; x_wconf 95' lang='lat'>1</span> <span class='ocrx_word' id='word_1_121' title='bbox 1296 1700 1412 1753; x_wconf 87' lang='lat'>105.</span> <span class='ocrx_word' id='word_1_122' title='bbox 1453 1702 1500 1752; x_wconf 84' lang='lat'>5.</span> <span class='ocrx_word' id='word_1_123' title='bbox 1542 1701 1662 1763; x_wconf 89' lang='grc'>691,</span> 
     </span>
     <span class='ocr_line' id='line_1_16' title="bbox 585 1788 1659 1855; baseline 0 -15"><span class='ocrx_word' id='word_1_124' title='bbox 585 1788 668 1841; x_wconf 94' lang='grc'>16.</span> <span class='ocrx_word' id='word_1_125' title='bbox 707 1789 900 1841; x_wconf 83' lang='lat' dir='ltr'>merito</span> <span class='ocrx_word' id='word_1_126' title='bbox 942 1788 1030 1855; x_wconf 89' lang='lat' dir='ltr'>(de</span> <span class='ocrx_word' id='word_1_127' title='bbox 1077 1789 1354 1841; x_wconf 88' lang='lat' dir='ltr'>hominum</span> <span class='ocrx_word' id='word_1_128' title='bbox 1402 1789 1659 1853; x_wconf 85' lang='lat' dir='ltr'>stultitia)</span> 
     </span>
     <span class='ocr_line' id='line_1_17' title="bbox 585 1877 1666 1940; baseline 0.001 -12"><span class='ocrx_word' id='word_1_129' title='bbox 585 1877 849 1930; x_wconf 79' lang='lat' dir='ltr'>exclamat</span> <span class='ocrx_word' id='word_1_130' title='bbox 882 1920 891 1929; x_wconf 91' lang='lat'>.</span> <span class='ocrx_word' id='word_1_131' title='bbox 918 1920 927 1929; x_wconf 92' lang='lat'>.</span> <span class='ocrx_word' id='word_1_132' title='bbox 954 1921 964 1931; x_wconf 90' lang='lat'>.</span> <span class='ocrx_word' id='word_1_133' title='bbox 995 1877 1022 1929; x_wconf 98' lang='grc' dir='ltr'>Ι</span> <span class='ocrx_word' id='word_1_134' title='bbox 1088 1880 1171 1940; x_wconf 89' lang='grc'>87,</span> <span class='ocrx_word' id='word_1_135' title='bbox 1242 1879 1324 1933; x_wconf 92' lang='grc'>16.</span> <span class='ocrx_word' id='word_1_136' title='bbox 1390 1878 1666 1930; x_wconf 86' lang='lat' dir='ltr'>sententia</span> 
     </span>
     <span class='ocr_line' id='line_1_18' title="bbox 582 1965 1662 2033; baseline 0.001 -16"><span class='ocrx_word' id='word_1_137' title='bbox 582 1965 695 2017; x_wconf 90' lang='lat' dir='ltr'>eius</span> <span class='ocrx_word' id='word_1_138' title='bbox 748 1966 813 2018; x_wconf 87' lang='lat' dir='ltr'>de</span> <span class='ocrx_word' id='word_1_139' title='bbox 866 1966 1073 2033; x_wconf 85' lang='lat' dir='ltr'>origine</span> <span class='ocrx_word' id='word_1_140' title='bbox 1125 1966 1439 2018; x_wconf 87' lang='lat' dir='ltr'>animalium</span> <span class='ocrx_word' id='word_1_141' title='bbox 1489 1966 1662 2018; x_wconf 88' lang='lat' dir='ltr'>homi-</span> 
     </span>
     <span class='ocr_line' id='line_1_19' title="bbox 582 2054 1662 2123; baseline 0.002 -18"><span class='ocrx_word' id='word_1_142' title='bbox 582 2070 816 2123; x_wconf 88' lang='lat' dir='ltr'>numque</span> <span class='ocrx_word' id='word_1_143' title='bbox 854 2054 1126 2107; x_wconf 88' lang='lat' dir='ltr'>refutatur</span> <span class='ocrx_word' id='word_1_144' title='bbox 1164 2054 1190 2106; x_wconf 97' lang='lat' dir='ltr'>I</span> <span class='ocrx_word' id='word_1_145' title='bbox 1231 2056 1350 2117; x_wconf 83' lang='grc'>152,</span> <span class='ocrx_word' id='word_1_146' title='bbox 1395 2056 1439 2107; x_wconf 95' lang='grc'>1.</span> <span class='ocrx_word' id='word_1_147' title='bbox 1480 2059 1662 2107; x_wconf 88' lang='lat' dir='ltr'>osten-</span> 
     </span>
     <span class='ocr_line' id='line_1_20' title="bbox 584 2138 1663 2204; baseline 0.001 -12"><span class='ocrx_word' id='word_1_148' title='bbox 584 2140 750 2193; x_wconf 76' lang='lat' dir='ltr'>debat</span> <span class='ocrx_word' id='word_1_149' title='bbox 779 2138 1034 2194; x_wconf 86' lang='lat' dir='ltr'>animalia</span> <span class='ocrx_word' id='word_1_150' title='bbox 1063 2158 1170 2193; x_wconf 91' lang='lat' dir='ltr'>non</span> <span class='ocrx_word' id='word_1_151' title='bbox 1200 2142 1427 2194; x_wconf 84' lang='lat' dir='ltr'>artifieio</span> <span class='ocrx_word' id='word_1_152' title='bbox 1460 2141 1663 2204; x_wconf 91' lang='lat' dir='ltr'>diuino,</span> 
     </span>
    </p>
   </div>
   <div class='ocr_carea' id='block_1_4' title="bbox 1723 1422 2840 2210">
    <p class='ocr_par' dir='ltr' id='par_1_5' title="bbox 1790 1422 2835 1666">
     <span class='ocr_line' id='line_1_21' title="bbox 1795 1422 2834 1495; baseline -0.003 -8"><span class='ocrx_word' id='word_1_153' title='bbox 1795 1437 1839 1489; x_wconf 94' lang='lat'>1.</span> <span class='ocrx_word' id='word_1_154' title='bbox 1883 1435 2000 1495; x_wconf 89' lang='grc'>729,</span> <span class='ocrx_word' id='word_1_155' title='bbox 2042 1437 2072 1488; x_wconf 85' lang='grc'>5</span> <span class='ocrx_word' id='word_1_156' title='bbox 2114 1451 2181 1487; x_wconf 89' lang='grc'>55.</span> <span class='ocrx_word' id='word_1_157' title='bbox 2221 1422 2451 1486; x_wconf 75' lang='lat' dir='ltr'>maiores</span> <span class='ocrx_word' id='word_1_158' title='bbox 2499 1433 2666 1485; x_wconf 87' lang='lat' dir='ltr'>nostri</span> <span class='ocrx_word' id='word_1_159' title='bbox 2703 1435 2834 1485; x_wconf 82' lang='lat' dir='ltr'>erant</span> 
     </span>
     <span class='ocr_line' id='line_1_22' title="bbox 1790 1520 2835 1594; baseline -0.003 -19"><span class='ocrx_word' id='word_1_160' title='bbox 1790 1525 2060 1594; x_wconf 82' lang='lat' dir='ltr'>principes</span> <span class='ocrx_word' id='word_1_161' title='bbox 2118 1522 2512 1576; x_wconf 82' lang='lat' dir='ltr'>Hebraeorum:</span> <span class='ocrx_word' id='word_1_162' title='bbox 2578 1522 2640 1577; x_wconf 85' lang='lat' dir='ltr'>ef.</span> <span class='ocrx_word' id='word_1_163' title='bbox 2704 1520 2835 1575; x_wconf 86' lang='lat' dir='ltr'>Chri-</span> 
     </span>
     <span class='ocr_line' id='line_1_23' title="bbox 1791 1613 1970 1666; baseline 0.006 -2"><span class='ocrx_word' id='word_1_164' title='bbox 1791 1613 1970 1666; x_wconf 85' lang='lat' dir='ltr'>stiani.</span> 
     </span>
    </p>

    <p class='ocr_par' dir='ltr' id='par_1_6' title="bbox 1723 1699 2840 2210">
     <span class='ocr_line' id='line_1_24' title="bbox 1723 1699 2839 1769; baseline -0.003 -15"><span class='ocrx_word' id='word_1_165' title='bbox 1723 1701 1812 1769; x_wconf 81' lang='lat' dir='ltr'>[de</span> <span class='ocrx_word' id='word_1_166' title='bbox 1850 1702 1980 1754; x_wconf 85' lang='lat' dir='ltr'>mali</span> <span class='ocrx_word' id='word_1_167' title='bbox 2019 1700 2228 1768; x_wconf 84' lang='lat' dir='ltr'>origine</span> <span class='ocrx_word' id='word_1_168' title='bbox 2277 1704 2331 1752; x_wconf 90' lang='lat' dir='ltr'>et</span> <span class='ocrx_word' id='word_1_169' title='bbox 2381 1703 2576 1752; x_wconf 87' lang='lat' dir='ltr'>natura</span> <span class='ocrx_word' id='word_1_170' title='bbox 2613 1699 2637 1750; x_wconf 89' lang='lat'>1</span> <span class='ocrx_word' id='word_1_171' title='bbox 2676 1699 2782 1761; x_wconf 87' lang='grc'>130,</span> <span class='ocrx_word' id='word_1_172' title='bbox 2813 1701 2839 1751; x_wconf 86' lang='grc'>5</span> 
     </span>
     <span class='ocr_line' id='line_1_25' title="bbox 1793 1787 2840 1857; baseline -0.004 -15"><span class='ocrx_word' id='word_1_173' title='bbox 1793 1791 1912 1843; x_wconf 87' lang='lat' dir='ltr'>adn.</span> <span class='ocrx_word' id='word_1_174' title='bbox 1964 1808 2033 1846; x_wconf 89' lang='lat' dir='ltr'>cr.</span> <span class='ocrx_word' id='word_1_175' title='bbox 2074 1796 2101 1851; x_wconf 55' lang='grc' dir='ltr'>,ξ’</span> <span class='ocrx_word' id='word_1_176' title='bbox 2140 1791 2171 1843; x_wconf 89' lang='grc'><strong><em>3</em></strong></span> <span class='ocrx_word' id='word_1_177' title='bbox 2210 1791 2303 1857; x_wconf 75' lang='lat' dir='ltr'>ss]</span> <span class='ocrx_word' id='word_1_178' title='bbox 2356 1806 2449 1843; x_wconf 90' lang='lat' dir='ltr'>cur</span> <span class='ocrx_word' id='word_1_179' title='bbox 2496 1788 2624 1841; x_wconf 88' lang='lat' dir='ltr'>deus</span> <span class='ocrx_word' id='word_1_180' title='bbox 2668 1787 2840 1840; x_wconf 84' lang='lat' dir='ltr'>malum</span> 
     </span>
     <span class='ocr_line' id='line_1_26' title="bbox 1793 1878 2839 1945; baseline -0.004 -13"><span class='ocrx_word' id='word_1_181' title='bbox 1793 1880 1980 1945; x_wconf 82' lang='lat' dir='ltr'>(mala)</span> <span class='ocrx_word' id='word_1_182' title='bbox 2041 1879 2273 1932; x_wconf 87' lang='lat' dir='ltr'>uoluerit</span> <span class='ocrx_word' id='word_1_183' title='bbox 2330 1895 2447 1931; x_wconf 90' lang='lat' dir='ltr'>esse</span> <span class='ocrx_word' id='word_1_184' title='bbox 2495 1878 2520 1930; x_wconf 95' lang='lat'>1</span> <span class='ocrx_word' id='word_1_185' title='bbox 2574 1879 2685 1941; x_wconf 89' lang='lat'>172,</span> <span class='ocrx_word' id='word_1_186' title='bbox 2721 1878 2749 1930; x_wconf 88' lang='grc'><strong>3</strong></span> <span class='ocrx_word' id='word_1_187' title='bbox 2784 1893 2839 1928; x_wconf 82' lang='grc'>55.</span> 
     </span>
     <span class='ocr_line' id='line_1_27' title="bbox 1791 1964 2840 2034; baseline -0.005 -14"><span class='ocrx_word' id='word_1_188' title='bbox 1791 1970 1914 2032; x_wconf 91' lang='grc'>420,</span> <span class='ocrx_word' id='word_1_189' title='bbox 1955 1971 1986 2021; x_wconf 93' lang='grc'>2</span> <span class='ocrx_word' id='word_1_190' title='bbox 2027 1985 2095 2021; x_wconf 90' lang='grc'>55.</span> <span class='ocrx_word' id='word_1_191' title='bbox 2135 1971 2255 2029; x_wconf 81' lang='grc'>595,</span> <span class='ocrx_word' id='word_1_192' title='bbox 2297 1970 2328 2020; x_wconf 89' lang='grc'>5</span> <span class='ocrx_word' id='word_1_193' title='bbox 2368 1985 2438 2021; x_wconf 85' lang='grc'>55.</span> <span class='ocrx_word' id='word_1_194' title='bbox 2491 1967 2632 2034; x_wconf 78' lang='lat'>1602,</span> <span class='ocrx_word' id='word_1_195' title='bbox 2672 1967 2702 2018; x_wconf 89' lang='lat'>2</span> <span class='ocrx_word' id='word_1_196' title='bbox 2737 1964 2840 2017; x_wconf 83' lang='lat' dir='ltr'>adn.</span> 
     </span>
     <span class='ocr_line' id='line_1_28' title="bbox 1794 2056 2835 2125; baseline -0.006 -14"><span class='ocrx_word' id='word_1_197' title='bbox 1794 2074 1862 2111; x_wconf 90' lang='lat' dir='ltr'>er.</span> <span class='ocrx_word' id='word_1_198' title='bbox 1905 2088 1971 2095; x_wconf 93' lang='lat'>—</span> <span class='ocrx_word' id='word_1_199' title='bbox 2011 2059 2156 2125; x_wconf 73' lang='grc'>6041</span> <span class='ocrx_word' id='word_1_200' title='bbox 2199 2058 2318 2120; x_wconf 85' lang='grc'>697,</span> <span class='ocrx_word' id='word_1_201' title='bbox 2349 2056 2380 2108; x_wconf 94' lang='grc'>6</span> <span class='ocrx_word' id='word_1_202' title='bbox 2421 2072 2490 2108; x_wconf 88' lang='grc'>55.</span> <span class='ocrx_word' id='word_1_203' title='bbox 2530 2056 2581 2108; x_wconf 92' lang='grc' dir='ltr'>Π</span> <span class='ocrx_word' id='word_1_204' title='bbox 2622 2056 2730 2116; x_wconf 91' lang='grc'>101,</span> <span class='ocrx_word' id='word_1_205' title='bbox 2768 2056 2835 2106; x_wconf 88' lang='grc'>12.</span> 
     </span>
     <span class='ocr_line' id='line_1_29' title="bbox 1796 2143 2840 2210; baseline -0.006 -11"><span class='ocrx_word' id='word_1_206' title='bbox 1796 2149 1912 2210; x_wconf 84' lang='grc'>102,</span> <span class='ocrx_word' id='word_1_207' title='bbox 1972 2147 2052 2200; x_wconf 93' lang='grc'>13.</span> <span class='ocrx_word' id='word_1_208' title='bbox 2111 2149 2227 2208; x_wconf 91' lang='grc'>106,</span> <span class='ocrx_word' id='word_1_209' title='bbox 2281 2146 2330 2200; x_wconf 92' lang='grc'>4.</span> <span class='ocrx_word' id='word_1_210' title='bbox 2385 2162 2477 2198; x_wconf 90' lang='lat' dir='ltr'>cur</span> <span class='ocrx_word' id='word_1_211' title='bbox 2525 2148 2636 2197; x_wconf 89' lang='lat' dir='ltr'>tam</span> <span class='ocrx_word' id='word_1_212' title='bbox 2691 2143 2840 2195; x_wconf 85' lang='lat' dir='ltr'>multa</span> 
     </span>
    </p>
   </div>
   <div class='ocr_carea' id='block_1_5' title="bbox 1688 1406 1693 1719">
    <p class='ocr_par' dir='ltr' id='par_1_7' title="bbox 1688 1406 1693 1719">
     <span class='ocr_line' id='line_1_30' title="bbox 1688 1406 1693 1719; baseline 0 3324"><span class='ocrx_word' id='word_1_213' title='bbox 1688 1406 1693 1719; x_wconf 95' lang='lat' dir='ltr'> </span> 
     </span>
    </p>
   </div>
   <div class='ocr_carea' id='block_1_6' title="bbox 1689 1728 1694 2167">
    <p class='ocr_par' dir='ltr' id='par_1_8' title="bbox 1689 1728 1694 2167">
     <span class='ocr_line' id='line_1_31' title="bbox 1689 1728 1694 2167; baseline 0 2876"><span class='ocrx_word' id='word_1_214' title='bbox 1689 1728 1694 2167; x_wconf 95' lang='lat' dir='ltr'> </span> 
     </span>
    </p>
   </div>
   <div class='ocr_carea' id='block_1_7' title="bbox 516 2229 2850 4447">
    <p class='ocr_par' dir='ltr' id='par_1_9' title="bbox 516 2229 2850 4447">
     <span class='ocr_line' id='line_1_32' title="bbox 584 2229 2839 2305; baseline 0 -24"><span class='ocrx_word' id='word_1_215' title='bbox 584 2229 679 2281; x_wconf 88' lang='lat' dir='ltr'>sed</span> <span class='ocrx_word' id='word_1_216' title='bbox 734 2230 961 2282; x_wconf 84' lang='lat' dir='ltr'>fortuito</span> <span class='ocrx_word' id='word_1_217' title='bbox 1019 2231 1165 2283; x_wconf 84' lang='lat' dir='ltr'>facta</span> <span class='ocrx_word' id='word_1_218' title='bbox 1222 2246 1337 2283; x_wconf 90' lang='lat' dir='ltr'>esse</span> <span class='ocrx_word' id='word_1_219' title='bbox 1394 2231 1449 2283; x_wconf 87' lang='lat'>11</span> <span class='ocrx_word' id='word_1_220' title='bbox 1489 2232 1574 2293; x_wconf 87' lang='grc'>22,</span> <span class='ocrx_word' id='word_1_221' title='bbox 1614 2232 1662 2283; x_wconf 90' lang='grc'>3.</span> <span class='ocrx_word' id='word_1_222' title='bbox 1793 2236 2052 2305; x_wconf 87' lang='lat' dir='ltr'>pestifera</span> <span class='ocrx_word' id='word_1_223' title='bbox 2088 2235 2278 2287; x_wconf 86' lang='lat' dir='ltr'>fecerit</span> <span class='ocrx_word' id='word_1_224' title='bbox 2316 2234 2342 2286; x_wconf 97' lang='lat' dir='ltr'>I</span> <span class='ocrx_word' id='word_1_225' title='bbox 2378 2236 2500 2295; x_wconf 80' lang='lat'>594,</span> <span class='ocrx_word' id='word_1_226' title='bbox 2529 2234 2597 2287; x_wconf 89' lang='lat'>22</span> <span class='ocrx_word' id='word_1_227' title='bbox 2636 2250 2700 2285; x_wconf 81' lang='lat' dir='ltr'>ss.</span> <span class='ocrx_word' id='word_1_228' title='bbox 2736 2248 2839 2300; x_wconf 86' lang='lat' dir='ltr'>pro-</span> 
     </span>
     <span class='ocr_line' id='line_1_33' title="bbox 582 2310 2841 2392; baseline 0.001 -21"><span class='ocrx_word' id='word_1_229' title='bbox 582 2320 853 2371; x_wconf 85' lang='lat' dir='ltr'>sententia</span> <span class='ocrx_word' id='word_1_230' title='bbox 887 2321 1000 2372; x_wconf 88' lang='lat' dir='ltr'>eius</span> <span class='ocrx_word' id='word_1_231' title='bbox 1032 2318 1097 2372; x_wconf 89' lang='lat' dir='ltr'>de</span> <span class='ocrx_word' id='word_1_232' title='bbox 1130 2320 1494 2372; x_wconf 83' lang='lat' dir='ltr'>animantibus</span> <span class='ocrx_word' id='word_1_233' title='bbox 1528 2337 1664 2388; x_wconf 84' lang='lat' dir='ltr'>quae</span> <span class='ocrx_word' id='word_1_234' title='bbox 1791 2324 2066 2376; x_wconf 84' lang='lat' dir='ltr'>uidentiae</span> <span class='ocrx_word' id='word_1_235' title='bbox 2108 2310 2357 2392; x_wconf 76' lang='lat' dir='ltr'>congruit</span> <span class='ocrx_word' id='word_1_236' title='bbox 2385 2339 2501 2374; x_wconf 89' lang='lat' dir='ltr'>esse</span> <span class='ocrx_word' id='word_1_237' title='bbox 2526 2321 2664 2374; x_wconf 87' lang='lat' dir='ltr'>mala</span> <span class='ocrx_word' id='word_1_238' title='bbox 2689 2320 2713 2372; x_wconf 95' lang='lat' dir='ltr'>I</span> <span class='ocrx_word' id='word_1_239' title='bbox 2741 2320 2841 2374; x_wconf 83' lang='grc'>697.</span> 
     </span>
     <span class='ocr_line' id='line_1_34' title="bbox 583 2408 2839 2477; baseline 0 -17"><span class='ocrx_word' id='word_1_240' title='bbox 583 2410 636 2460; x_wconf 92' lang='lat' dir='ltr'>in</span> <span class='ocrx_word' id='word_1_241' title='bbox 657 2409 922 2477; x_wconf 82' lang='lat' dir='ltr'>principio</span> <span class='ocrx_word' id='word_1_242' title='bbox 954 2408 1141 2461; x_wconf 88' lang='lat' dir='ltr'>mundi</span> <span class='ocrx_word' id='word_1_243' title='bbox 1169 2408 1373 2461; x_wconf 88' lang='lat' dir='ltr'>fuerint</span> <span class='ocrx_word' id='word_1_244' title='bbox 1400 2409 1667 2461; x_wconf 82' lang='lat' dir='ltr'>refellitur</span> <span class='ocrx_word' id='word_1_245' title='bbox 1793 2416 1861 2467; x_wconf 84' lang='lat'>26</span> <span class='ocrx_word' id='word_1_246' title='bbox 1893 2430 1959 2466; x_wconf 81' lang='lat' dir='ltr'>ss,</span> <span class='ocrx_word' id='word_1_247' title='bbox 1991 2413 2190 2465; x_wconf 84' lang='lat' dir='ltr'>malum</span> <span class='ocrx_word' id='word_1_248' title='bbox 2222 2417 2277 2465; x_wconf 84' lang='lat' dir='ltr'>et</span> <span class='ocrx_word' id='word_1_249' title='bbox 2303 2412 2527 2464; x_wconf 86' lang='lat' dir='ltr'>bonum:</span> <span class='ocrx_word' id='word_1_250' title='bbox 2561 2410 2625 2464; x_wconf 86' lang='lat' dir='ltr'>ef.</span> <span class='ocrx_word' id='word_1_251' title='bbox 2654 2410 2839 2462; x_wconf 86' lang='lat' dir='ltr'>bonum.</span> 
     </span>
     <span class='ocr_line' id='line_1_35' title="bbox 584 2495 2840 2561; baseline -0 -13"><span class='ocrx_word' id='word_1_252' title='bbox 584 2495 638 2548; x_wconf 96' lang='lat' dir='ltr'>II</span> <span class='ocrx_word' id='word_1_253' title='bbox 674 2498 761 2561; x_wconf 91' lang='grc'>22,</span> <span class='ocrx_word' id='word_1_254' title='bbox 800 2499 850 2551; x_wconf 90' lang='grc'>4.</span> <span class='ocrx_word' id='word_1_255' title='bbox 891 2498 923 2552; x_wconf 89' lang='grc'>9</span> <span class='ocrx_word' id='word_1_256' title='bbox 972 2515 1039 2551; x_wconf 81' lang='lat' dir='ltr'>ss,</span> <span class='ocrx_word' id='word_1_257' title='bbox 1091 2498 1204 2551; x_wconf 88' lang='lat' dir='ltr'>eius</span> <span class='ocrx_word' id='word_1_258' title='bbox 1254 2497 1665 2550; x_wconf 79' lang='lat' dir='ltr'>deliramentum</span> <span class='ocrx_word' id='word_1_259' title='bbox 1794 2535 1861 2542; x_wconf 89' lang='lat'><em>-</em></span> <span class='ocrx_word' id='word_1_260' title='bbox 1894 2502 2024 2555; x_wconf 85' lang='lat' dir='ltr'>deus</span> <span class='ocrx_word' id='word_1_261' title='bbox 2052 2519 2160 2555; x_wconf 92' lang='lat' dir='ltr'>non</span> <span class='ocrx_word' id='word_1_262' title='bbox 2200 2501 2461 2554; x_wconf 86' lang='lat' dir='ltr'>malorum</span> <span class='ocrx_word' id='word_1_263' title='bbox 2499 2495 2840 2553; x_wconf 84' lang='lat' dir='ltr'>tantummodo</span> 
     </span>
     <span class='ocr_line' id='line_1_36' title="bbox 584 2585 2843 2656; baseline -0.001 -18"><span class='ocrx_word' id='word_1_264' title='bbox 584 2585 649 2638; x_wconf 86' lang='lat' dir='ltr'>de</span> <span class='ocrx_word' id='word_1_265' title='bbox 713 2587 921 2655; x_wconf 87' lang='lat' dir='ltr'>origine</span> <span class='ocrx_word' id='word_1_266' title='bbox 990 2587 1265 2639; x_wconf 88' lang='lat' dir='ltr'>oculorum</span> <span class='ocrx_word' id='word_1_267' title='bbox 1332 2587 1665 2656; x_wconf 86' lang='lat' dir='ltr'>aliorumque</span> <span class='ocrx_word' id='word_1_268' title='bbox 1797 2597 1984 2645; x_wconf 82' lang='lat' dir='ltr'>auctor</span> <span class='ocrx_word' id='word_1_269' title='bbox 2021 2592 2074 2644; x_wconf 86' lang='lat'>11</span> <span class='ocrx_word' id='word_1_270' title='bbox 2115 2592 2197 2654; x_wconf 87' lang='grc'>71,</span> <span class='ocrx_word' id='word_1_271' title='bbox 2242 2592 2306 2643; x_wconf 88' lang='grc'>13</span> <span class='ocrx_word' id='word_1_272' title='bbox 2345 2607 2413 2643; x_wconf 83' lang='lat' dir='ltr'>ss,</span> <span class='ocrx_word' id='word_1_273' title='bbox 2454 2589 2709 2642; x_wconf 89' lang='lat' dir='ltr'>malorum</span> <span class='ocrx_word' id='word_1_274' title='bbox 2743 2586 2843 2639; x_wconf 82' lang='lat' dir='ltr'>fons</span> 
     </span>
     <span class='ocr_line' id='line_1_37' title="bbox 582 2672 2843 2750; baseline -0 -24"><span class='ocrx_word' id='word_1_275' title='bbox 582 2675 943 2728; x_wconf 89' lang='lat' dir='ltr'>membrorum</span> <span class='ocrx_word' id='word_1_276' title='bbox 991 2676 1262 2728; x_wconf 86' lang='lat' dir='ltr'>refellitur</span> <span class='ocrx_word' id='word_1_277' title='bbox 1308 2677 1359 2728; x_wconf 90' lang='grc' dir='ltr'>Π</span> <span class='ocrx_word' id='word_1_278' title='bbox 1398 2679 1483 2740; x_wconf 90' lang='grc'>23,</span> <span class='ocrx_word' id='word_1_279' title='bbox 1524 2679 1575 2729; x_wconf 83' lang='lat'>5.</span> <span class='ocrx_word' id='word_1_280' title='bbox 1615 2678 1663 2729; x_wconf 90' lang='grc'>8.</span> <span class='ocrx_word' id='word_1_281' title='bbox 1794 2682 1934 2734; x_wconf 92' lang='lat' dir='ltr'>liuor</span> <span class='ocrx_word' id='word_1_282' title='bbox 1972 2680 2218 2750; x_wconf 85' lang='lat' dir='ltr'>(diaboli)</span> <span class='ocrx_word' id='word_1_283' title='bbox 2259 2679 2285 2731; x_wconf 97' lang='lat' dir='ltr'>I</span> <span class='ocrx_word' id='word_1_284' title='bbox 2328 2680 2444 2742; x_wconf 89' lang='grc'>130,</span> <span class='ocrx_word' id='word_1_285' title='bbox 2490 2680 2532 2732; x_wconf 93' lang='grc'>1.</span> <span class='ocrx_word' id='word_1_286' title='bbox 2573 2672 2843 2730; x_wconf 84' lang='lat' dir='ltr'>diabolusI</span> 
     </span>
     <span class='ocr_line' id='line_1_38' title="bbox 587 2764 2114 2834; baseline 0.007 -18"><span class='ocrx_word' id='word_1_287' title='bbox 587 2764 651 2816; x_wconf 85' lang='lat'>13</span> <span class='ocrx_word' id='word_1_288' title='bbox 700 2779 770 2815; x_wconf 89' lang='lat' dir='ltr'>ss.</span> <span class='ocrx_word' id='word_1_289' title='bbox 820 2764 1218 2832; x_wconf 87' lang='lat' dir='ltr'>ineptissimum</span> <span class='ocrx_word' id='word_1_290' title='bbox 1268 2765 1382 2818; x_wconf 91' lang='lat' dir='ltr'>eius</span> <span class='ocrx_word' id='word_1_291' title='bbox 1432 2765 1497 2817; x_wconf 91' lang='lat' dir='ltr'>de</span> <span class='ocrx_word' id='word_1_292' title='bbox 1545 2766 1667 2818; x_wconf 89' lang='lat' dir='ltr'>uisu</span> <span class='ocrx_word' id='word_1_293' title='bbox 1795 2773 1917 2834; x_wconf 83' lang='lat'>499,</span> <span class='ocrx_word' id='word_1_294' title='bbox 1958 2772 2006 2824; x_wconf 84' lang='lat'>3.</span> <span class='ocrx_word' id='word_1_295' title='bbox 2048 2800 2114 2808; x_wconf 93' lang='lat'><strong>—</strong></span> 
     </span>
     <span class='ocr_line' id='line_1_39' title="bbox 590 2853 2843 2918; baseline -0.004 -7"><span class='ocrx_word' id='word_1_296' title='bbox 590 2855 968 2918; x_wconf 69' lang='lat' dir='ltr'>argumentum</span> <span class='ocrx_word' id='word_1_297' title='bbox 1015 2853 1234 2906; x_wconf 70' lang='lat' dir='ltr'>reicitur</span> <span class='ocrx_word' id='word_1_298' title='bbox 1270 2854 1328 2906; x_wconf 89' lang='lat' dir='ltr'>II</span> <span class='ocrx_word' id='word_1_299' title='bbox 1365 2855 1451 2918; x_wconf 88' lang='lat'>30,</span> <span class='ocrx_word' id='word_1_300' title='bbox 1494 2856 1556 2906; x_wconf 88' lang='grc'>14</span> <span class='ocrx_word' id='word_1_301' title='bbox 1598 2872 1664 2905; x_wconf 76' lang='lat' dir='ltr'>SS·</span> <span class='ocrx_word' id='word_1_302' title='bbox 1726 2879 1817 2914; x_wconf 87' lang='lat' dir='ltr'>cur</span> <span class='ocrx_word' id='word_1_303' title='bbox 1872 2863 2041 2913; x_wconf 85' lang='lat' dir='ltr'>malos</span> <span class='ocrx_word' id='word_1_304' title='bbox 2097 2863 2151 2912; x_wconf 87' lang='lat' dir='ltr'>et</span> <span class='ocrx_word' id='word_1_305' title='bbox 2208 2858 2439 2910; x_wconf 86' lang='lat' dir='ltr'>iniustos</span> <span class='ocrx_word' id='word_1_306' title='bbox 2497 2857 2626 2910; x_wconf 86' lang='lat' dir='ltr'>deus</span> <span class='ocrx_word' id='word_1_307' title='bbox 2677 2855 2843 2907; x_wconf 85' lang='lat' dir='ltr'>beatos</span> 
     </span>
     <span class='ocr_line' id='line_1_40' title="bbox 590 2942 2537 3010; baseline 0.003 -18"><span class='ocrx_word' id='word_1_308' title='bbox 590 2946 909 3009; x_wconf 81' lang='lat' dir='ltr'>argumenta</span> <span class='ocrx_word' id='word_1_309' title='bbox 948 2942 1013 2995; x_wconf 88' lang='lat' dir='ltr'>ab</span> <span class='ocrx_word' id='word_1_310' title='bbox 1056 2960 1116 2995; x_wconf 91' lang='lat' dir='ltr'>eo</span> <span class='ocrx_word' id='word_1_311' title='bbox 1149 2946 1336 2995; x_wconf 87' lang='lat' dir='ltr'>contra</span> <span class='ocrx_word' id='word_1_312' title='bbox 1364 2943 1666 2995; x_wconf 87' lang='lat' dir='ltr'>inmortali·</span> <span class='ocrx_word' id='word_1_313' title='bbox 1795 2951 1910 3002; x_wconf 73' lang='lat' dir='ltr'>fieri</span> <span class='ocrx_word' id='word_1_314' title='bbox 1949 2951 2094 3002; x_wconf 81' lang='lat' dir='ltr'>sinat</span> <span class='ocrx_word' id='word_1_315' title='bbox 2131 2948 2157 2999; x_wconf 96' lang='lat' dir='ltr'>I</span> <span class='ocrx_word' id='word_1_316' title='bbox 2195 2949 2319 3010; x_wconf 82' lang='lat'>474,</span> <span class='ocrx_word' id='word_1_317' title='bbox 2363 2948 2428 2999; x_wconf 90' lang='lat'>19</span> <span class='ocrx_word' id='word_1_318' title='bbox 2468 2964 2537 2998; x_wconf 85' lang='lat' dir='ltr'>ss,</span> 
     </span>
     <span class='ocr_line' id='line_1_41' title="bbox 587 3030 2330 3101; baseline 0.004 -20"><span class='ocrx_word' id='word_1_319' title='bbox 587 3033 757 3082; x_wconf 85' lang='lat' dir='ltr'>tatem</span> <span class='ocrx_word' id='word_1_320' title='bbox 822 3030 1035 3098; x_wconf 87' lang='lat' dir='ltr'>prolata</span> <span class='ocrx_word' id='word_1_321' title='bbox 1100 3031 1407 3084; x_wconf 78' lang='lat' dir='ltr'>refutantur</span> <span class='ocrx_word' id='word_1_322' title='bbox 1460 3032 1487 3084; x_wconf 98' lang='grc' dir='ltr'>Ι</span> <span class='ocrx_word' id='word_1_323' title='bbox 1544 3034 1666 3094; x_wconf 92' lang='grc'>618,</span> <span class='ocrx_word' id='word_1_324' title='bbox 1725 3057 1986 3093; x_wconf 78' lang='lat' dir='ltr'>mammae</span> <span class='ocrx_word' id='word_1_325' title='bbox 2027 3038 2081 3090; x_wconf 85' lang='grc' dir='ltr'>Π</span> <span class='ocrx_word' id='word_1_326' title='bbox 2119 3040 2204 3101; x_wconf 88' lang='grc'>46,</span> <span class='ocrx_word' id='word_1_327' title='bbox 2250 3037 2330 3091; x_wconf 88' lang='grc'>17.</span> 
     </span>
     <span class='ocr_line' id='line_1_42' title="bbox 591 3119 2848 3187; baseline -0.005 -6"><span class='ocrx_word' id='word_1_328' title='bbox 591 3119 851 3185; x_wconf 80' lang='lat'>14-624,</span> <span class='ocrx_word' id='word_1_329' title='bbox 909 3121 956 3173; x_wconf 88' lang='grc'>5-</span> <span class='ocrx_word' id='word_1_330' title='bbox 1011 3123 1175 3187; x_wconf 59' lang='grc' dir='ltr'><strong>ΡΟΘΈΒ</strong></span> <span class='ocrx_word' id='word_1_331' title='bbox 1229 3120 1577 3173; x_wconf 74' lang='lat' dir='ltr'>issaniSSiffluS</span> <span class='ocrx_word' id='word_1_332' title='bbox 1643 3120 1669 3172; x_wconf 89' lang='grc' dir='ltr'>Ῑ</span> <span class='ocrx_word' id='word_1_333' title='bbox 1725 3146 1935 3182; x_wconf 87' lang='lat' dir='ltr'>manus:</span> <span class='ocrx_word' id='word_1_334' title='bbox 1988 3128 2101 3180; x_wconf 88' lang='lat' dir='ltr'>eius</span> <span class='ocrx_word' id='word_1_335' title='bbox 2151 3127 2325 3179; x_wconf 85' lang='lat' dir='ltr'>forma</span> <span class='ocrx_word' id='word_1_336' title='bbox 2370 3124 2427 3176; x_wconf 86' lang='grc' dir='ltr'>ΙΙ</span> <span class='ocrx_word' id='word_1_337' title='bbox 2479 3126 2562 3183; x_wconf 88' lang='grc'>37,</span> <span class='ocrx_word' id='word_1_338' title='bbox 2601 3125 2634 3176; x_wconf 91' lang='grc'>4</span> <span class='ocrx_word' id='word_1_339' title='bbox 2671 3139 2735 3175; x_wconf 86' lang='grc'>55.</span> <span class='ocrx_word' id='word_1_340' title='bbox 2772 3135 2848 3172; x_wconf 86' lang='lat' dir='ltr'>cur</span> 
     </span>
     <span class='ocr_line' id='line_1_43' title="bbox 586 3208 2846 3279; baseline 0 -20"><span class='ocrx_word' id='word_1_341' title='bbox 586 3208 710 3271; x_wconf 88' lang='grc'>233,</span> <span class='ocrx_word' id='word_1_342' title='bbox 772 3208 852 3260; x_wconf 91' lang='grc'>17.</span> <span class='ocrx_word' id='word_1_343' title='bbox 912 3209 1129 3277; x_wconf 87' lang='lat' dir='ltr'>ineptus</span> <span class='ocrx_word' id='word_1_344' title='bbox 1185 3209 1243 3261; x_wconf 95' lang='grc' dir='ltr'>ΙΙ</span> <span class='ocrx_word' id='word_1_345' title='bbox 1282 3211 1365 3274; x_wconf 89' lang='grc'>23,</span> <span class='ocrx_word' id='word_1_346' title='bbox 1412 3211 1494 3264; x_wconf 91' lang='lat'>15.</span> <span class='ocrx_word' id='word_1_347' title='bbox 1548 3211 1667 3279; x_wconf 88' lang='lat' dir='ltr'>quis</span> <span class='ocrx_word' id='word_1_348' title='bbox 1798 3219 1935 3270; x_wconf 88' lang='lat' dir='ltr'>duae</span> <span class='ocrx_word' id='word_1_349' title='bbox 1974 3217 2028 3269; x_wconf 93' lang='lat' dir='ltr'>II</span> <span class='ocrx_word' id='word_1_350' title='bbox 2067 3218 2152 3279; x_wconf 85' lang='lat'>34,</span> <span class='ocrx_word' id='word_1_351' title='bbox 2197 3217 2276 3270; x_wconf 92' lang='grc'>10.</span> <span class='ocrx_word' id='word_1_352' title='bbox 2320 3231 2500 3268; x_wconf 82' lang='lat' dir='ltr'>earum</span> <span class='ocrx_word' id='word_1_353' title='bbox 2541 3229 2663 3265; x_wconf 86' lang='lat' dir='ltr'>usus</span> <span class='ocrx_word' id='word_1_354' title='bbox 2698 3210 2846 3268; x_wconf 88' lang='lat'>1114,</span> 
     </span>
     <span class='ocr_line' id='line_1_44' title="bbox 585 3295 2846 3368; baseline 0 -21"><span class='ocrx_word' id='word_1_355' title='bbox 585 3295 728 3348; x_wconf 84' lang='lat' dir='ltr'>hunc</span> <span class='ocrx_word' id='word_1_356' title='bbox 764 3300 923 3364; x_wconf 89' lang='lat' dir='ltr'>putet</span> <span class='ocrx_word' id='word_1_357' title='bbox 959 3297 1213 3350; x_wconf 83' lang='lat' dir='ltr'>habuisse</span> <span class='ocrx_word' id='word_1_358' title='bbox 1254 3298 1566 3351; x_wconf 77' lang='lat' dir='ltr'>cerebrum?</span> <span class='ocrx_word' id='word_1_359' title='bbox 1614 3300 1669 3351; x_wconf 93' lang='grc' dir='ltr'>ΙΙ</span> <span class='ocrx_word' id='word_1_360' title='bbox 1798 3310 1844 3360; x_wconf 75' lang='grc'>7,</span> <span class='ocrx_word' id='word_1_361' title='bbox 1890 3308 1970 3368; x_wconf 77' lang='grc'>19,</span> <span class='ocrx_word' id='word_1_362' title='bbox 2016 3306 2095 3358; x_wconf 84' lang='grc'>13,</span> <span class='ocrx_word' id='word_1_363' title='bbox 2138 3307 2222 3367; x_wconf 74' lang='grc'>20,</span> <span class='ocrx_word' id='word_1_364' title='bbox 2268 3306 2348 3358; x_wconf 84' lang='grc'>10,</span> <span class='ocrx_word' id='word_1_365' title='bbox 2390 3305 2476 3361; x_wconf 78' lang='lat'>21,</span> <span class='ocrx_word' id='word_1_366' title='bbox 2517 3307 2565 3358; x_wconf 83' lang='grc'>5,</span> <span class='ocrx_word' id='word_1_367' title='bbox 2606 3304 2652 3355; x_wconf 87' lang='grc'>9,</span> <span class='ocrx_word' id='word_1_368' title='bbox 2693 3298 2846 3367; x_wconf 85' lang='lat' dir='ltr'>digni·</span> 
     </span>
     <span class='ocr_line' id='line_1_45' title="bbox 589 3385 2848 3458; baseline 0.001 -22"><span class='ocrx_word' id='word_1_369' title='bbox 589 3385 672 3448; x_wconf 83' lang='grc'>87,</span> <span class='ocrx_word' id='word_1_370' title='bbox 713 3386 795 3440; x_wconf 89' lang='lat'>20.</span> <span class='ocrx_word' id='word_1_371' title='bbox 1794 3401 1881 3448; x_wconf 76' lang='lat' dir='ltr'>tas</span> <span class='ocrx_word' id='word_1_372' title='bbox 1928 3394 1983 3447; x_wconf 93' lang='lat' dir='ltr'>II</span> <span class='ocrx_word' id='word_1_373' title='bbox 2033 3396 2117 3458; x_wconf 92' lang='lat'>21,</span> <span class='ocrx_word' id='word_1_374' title='bbox 2170 3395 2251 3447; x_wconf 92' lang='lat'>10.</span> <span class='ocrx_word' id='word_1_375' title='bbox 2303 3394 2383 3446; x_wconf 88' lang='grc'>13.</span> <span class='ocrx_word' id='word_1_376' title='bbox 2424 3391 2649 3444; x_wconf 80' lang='lat' dir='ltr'>rationis</span> <span class='ocrx_word' id='word_1_377' title='bbox 2688 3405 2745 3442; x_wconf 86' lang='lat' dir='ltr'>ae</span> <span class='ocrx_word' id='word_1_378' title='bbox 2778 3403 2848 3439; x_wconf 75' lang='lat' dir='ltr'>sa-</span> 
     </span>
     <span class='ocr_line' id='line_1_46' title="bbox 516 3473 2849 3554; baseline 0.003 -30"><span class='ocrx_word' id='word_1_379' title='bbox 516 3473 633 3525; x_wconf 87' lang='lat' dir='ltr'>ludi</span> <span class='ocrx_word' id='word_1_380' title='bbox 662 3474 689 3526; x_wconf 96' lang='lat' dir='ltr'>I</span> <span class='ocrx_word' id='word_1_381' title='bbox 718 3475 839 3537; x_wconf 76' lang='lat'>557,</span> <span class='ocrx_word' id='word_1_382' title='bbox 881 3477 1106 3539; x_wconf 85' lang='grc'>8-562,</span> <span class='ocrx_word' id='word_1_383' title='bbox 1148 3478 1198 3528; x_wconf 92' lang='grc'>2.</span> <span class='ocrx_word' id='word_1_384' title='bbox 1241 3477 1361 3541; x_wconf 87' lang='grc'>741,</span> <span class='ocrx_word' id='word_1_385' title='bbox 1404 3477 1667 3539; x_wconf 88' lang='grc'>18-743,</span> <span class='ocrx_word' id='word_1_386' title='bbox 1797 3485 2036 3554; x_wconf 80' lang='lat' dir='ltr'>pientiae</span> <span class='ocrx_word' id='word_1_387' title='bbox 2093 3483 2370 3535; x_wconf 82' lang='lat' dir='ltr'>ministrae</span> <span class='ocrx_word' id='word_1_388' title='bbox 2429 3480 2485 3532; x_wconf 90' lang='lat'>11</span> <span class='ocrx_word' id='word_1_389' title='bbox 2541 3480 2624 3541; x_wconf 84' lang='lat'>37,</span> <span class='ocrx_word' id='word_1_390' title='bbox 2690 3480 2734 3531; x_wconf 88' lang='lat'>5.</span> <span class='ocrx_word' id='word_1_391' title='bbox 2793 3502 2849 3513; x_wconf 94' lang='lat'>-</span> 
     </span>
     <span class='ocr_line' id='line_1_47' title="bbox 587 3563 2848 3641; baseline -0.004 -18"><span class='ocrx_word' id='word_1_392' title='bbox 587 3565 636 3616; x_wconf 83' lang='lat'>6·</span> <span class='ocrx_word' id='word_1_393' title='bbox 689 3563 924 3616; x_wconf 70' lang='lat' dir='ltr'>Floralia</span> <span class='ocrx_word' id='word_1_394' title='bbox 977 3564 1003 3616; x_wconf 91' lang='grc' dir='ltr'>Ῑ</span> <span class='ocrx_word' id='word_1_395' title='bbox 1058 3567 1139 3627; x_wconf 78' lang='lat'>72,</span> <span class='ocrx_word' id='word_1_396' title='bbox 1195 3567 1258 3617; x_wconf 76' lang='lat'>21</span> <span class='ocrx_word' id='word_1_397' title='bbox 1312 3582 1381 3618; x_wconf 85' lang='lat' dir='ltr'>SS-</span> <span class='ocrx_word' id='word_1_398' title='bbox 1422 3566 1541 3628; x_wconf 75' lang='grc'>686,</span> <span class='ocrx_word' id='word_1_399' title='bbox 1583 3567 1667 3619; x_wconf 79' lang='lat'>20·</span> <span class='ocrx_word' id='word_1_400' title='bbox 1796 3574 1938 3627; x_wconf 88' lang='lat' dir='ltr'>filius</span> <span class='ocrx_word' id='word_1_401' title='bbox 1980 3573 2072 3641; x_wconf 88' lang='lat' dir='ltr'>qui</span> <span class='ocrx_word' id='word_1_402' title='bbox 2112 3575 2195 3624; x_wconf 87' lang='lat' dir='ltr'>est</span> <span class='ocrx_word' id='word_1_403' title='bbox 2233 3572 2286 3623; x_wconf 88' lang='lat' dir='ltr'>in</span> <span class='ocrx_word' id='word_1_404' title='bbox 2325 3569 2485 3622; x_wconf 92' lang='lat' dir='ltr'>domo</span> <span class='ocrx_word' id='word_1_405' title='bbox 2528 3572 2582 3622; x_wconf 86' lang='lat' dir='ltr'>et</span> <span class='ocrx_word' id='word_1_406' title='bbox 2618 3569 2673 3620; x_wconf 93' lang='lat' dir='ltr'>in</span> <span class='ocrx_word' id='word_1_407' title='bbox 2707 3580 2848 3618; x_wconf 89' lang='lat' dir='ltr'>manu</span> 
     </span>
     <span class='ocr_line' id='line_1_48' title="bbox 516 3652 2314 3733; baseline 0.006 -31"><span class='ocrx_word' id='word_1_408' title='bbox 516 3652 643 3703; x_wconf 89' lang='lat' dir='ltr'>luna</span> <span class='ocrx_word' id='word_1_409' title='bbox 682 3653 731 3704; x_wconf 90' lang='grc' dir='ltr'>ΙΙ</span> <span class='ocrx_word' id='word_1_410' title='bbox 773 3654 890 3716; x_wconf 92' lang='grc'>100,</span> <span class='ocrx_word' id='word_1_411' title='bbox 932 3657 982 3708; x_wconf 91' lang='grc'>9.</span> <span class='ocrx_word' id='word_1_412' title='bbox 1023 3654 1087 3706; x_wconf 87' lang='lat' dir='ltr'>de</span> <span class='ocrx_word' id='word_1_413' title='bbox 1128 3655 1242 3707; x_wconf 88' lang='lat' dir='ltr'>eius</span> <span class='ocrx_word' id='word_1_414' title='bbox 1292 3655 1668 3723; x_wconf 86' lang='lat' dir='ltr'>magnitudine</span> <span class='ocrx_word' id='word_1_415' title='bbox 1795 3664 1966 3733; x_wconf 84' lang='lat' dir='ltr'>patris</span> <span class='ocrx_word' id='word_1_416' title='bbox 2007 3663 2033 3715; x_wconf 94' lang='grc' dir='ltr'>Ι</span> <span class='ocrx_word' id='word_1_417' title='bbox 2071 3664 2191 3724; x_wconf 88' lang='grc'>392,</span> <span class='ocrx_word' id='word_1_418' title='bbox 2231 3662 2314 3714; x_wconf 89' lang='grc'>20.</span> 
     </span>
     <span class='ocr_line' id='line_1_49' title="bbox 588 3740 2847 3816; baseline -0.005 -13"><span class='ocrx_word' id='word_1_419' title='bbox 588 3740 614 3791; x_wconf 92' lang='grc' dir='ltr'>Ῑ</span> <span class='ocrx_word' id='word_1_420' title='bbox 664 3741 783 3805; x_wconf 74' lang='lat'>254,</span> <span class='ocrx_word' id='word_1_421' title='bbox 837 3745 884 3794; x_wconf 97' lang='grc'>5</span> <span class='ocrx_word' id='word_1_422' title='bbox 934 3743 1161 3810; x_wconf 72' lang='lat' dir='ltr'>globosa</span> <span class='ocrx_word' id='word_1_423' title='bbox 1209 3744 1280 3796; x_wconf 60' lang='lat' dir='ltr'>Sit</span> <span class='ocrx_word' id='word_1_424' title='bbox 1328 3761 1393 3797; x_wconf 78' lang='lat' dir='ltr'>an</span> <span class='ocrx_word' id='word_1_425' title='bbox 1435 3761 1670 3798; x_wconf 69' lang='lat' dir='ltr'>concaua</span> <span class='ocrx_word' id='word_1_426' title='bbox 1726 3753 1795 3805; x_wconf 91' lang='lat' dir='ltr'>M.</span> <span class='ocrx_word' id='word_1_427' title='bbox 1817 3752 2104 3804; x_wconf 78' lang='lat' dir='ltr'>Marcellus</span> <span class='ocrx_word' id='word_1_428' title='bbox 2126 3751 2398 3803; x_wconf 89' lang='lat' dir='ltr'>Honorem</span> <span class='ocrx_word' id='word_1_429' title='bbox 2423 3751 2585 3816; x_wconf 85' lang='lat' dir='ltr'>atque</span> <span class='ocrx_word' id='word_1_430' title='bbox 2605 3746 2847 3799; x_wconf 87' lang='lat' dir='ltr'>Virtutem</span> 
     </span>
     <span class='ocr_line' id='line_1_50' title="bbox 587 3829 2692 3901; baseline 0.003 -20"><span class='ocrx_word' id='word_1_431' title='bbox 587 3830 613 3881; x_wconf 93' lang='grc' dir='ltr'>Ι</span> <span class='ocrx_word' id='word_1_432' title='bbox 656 3829 773 3893; x_wconf 87' lang='grc'>181,</span> <span class='ocrx_word' id='word_1_433' title='bbox 813 3832 897 3883; x_wconf 92' lang='grc'>21.</span> <span class='ocrx_word' id='word_1_434' title='bbox 936 3831 1118 3885; x_wconf 88' lang='lat' dir='ltr'>Lunae</span> <span class='ocrx_word' id='word_1_435' title='bbox 1166 3837 1353 3885; x_wconf 83' lang='lat' dir='ltr'>taurus</span> <span class='ocrx_word' id='word_1_436' title='bbox 1402 3837 1671 3886; x_wconf 84' lang='lat' dir='ltr'>mactatur</span> <span class='ocrx_word' id='word_1_437' title='bbox 1799 3841 2136 3894; x_wconf 71' lang='lat' dir='ltr'>consecrauit</span> <span class='ocrx_word' id='word_1_438' title='bbox 2173 3839 2199 3891; x_wconf 96' lang='lat' dir='ltr'>I</span> <span class='ocrx_word' id='word_1_439' title='bbox 2238 3840 2321 3900; x_wconf 79' lang='lat'>73,</span> <span class='ocrx_word' id='word_1_440' title='bbox 2362 3839 2446 3890; x_wconf 84' lang='lat'>24.</span> <span class='ocrx_word' id='word_1_441' title='bbox 2487 3836 2607 3901; x_wconf 85' lang='lat'>687,</span> <span class='ocrx_word' id='word_1_442' title='bbox 2644 3836 2692 3887; x_wconf 87' lang='lat'>4.</span> 
     </span>
     <span class='ocr_line' id='line_1_51' title="bbox 590 3920 2391 3990; baseline 0.004 -18"><span class='ocrx_word' id='word_1_443' title='bbox 590 3920 615 3972; x_wconf 95' lang='lat'>1</span> <span class='ocrx_word' id='word_1_444' title='bbox 656 3920 741 3982; x_wconf 89' lang='grc'>84,</span> <span class='ocrx_word' id='word_1_445' title='bbox 782 3923 830 3974; x_wconf 89' lang='lat'>5.</span> <span class='ocrx_word' id='word_1_446' title='bbox 1725 3931 2077 3984; x_wconf 81' lang='lat' dir='ltr'>Marcionitae</span> <span class='ocrx_word' id='word_1_447' title='bbox 2117 3929 2143 3980; x_wconf 96' lang='lat' dir='ltr'>I</span> <span class='ocrx_word' id='word_1_448' title='bbox 2183 3929 2301 3990; x_wconf 87' lang='grc'>396,</span> <span class='ocrx_word' id='word_1_449' title='bbox 2343 3929 2391 3979; x_wconf 88' lang='lat'>5.</span> 
     </span>
     <span class='ocr_line' id='line_1_52' title="bbox 516 4008 2849 4088; baseline 0.002 -28"><span class='ocrx_word' id='word_1_450' title='bbox 516 4009 669 4077; x_wconf 86' lang='lat' dir='ltr'>Lupa</span> <span class='ocrx_word' id='word_1_451' title='bbox 707 4010 920 4063; x_wconf 86' lang='lat' dir='ltr'>Romuli</span> <span class='ocrx_word' id='word_1_452' title='bbox 958 4011 1219 4080; x_wconf 87' lang='lat' dir='ltr'>Remique</span> <span class='ocrx_word' id='word_1_453' title='bbox 1265 4013 1460 4075; x_wconf 81' lang='lat' dir='ltr'>nutrix,</span> <span class='ocrx_word' id='word_1_454' title='bbox 1500 4030 1668 4066; x_wconf 86' lang='lat' dir='ltr'>mere·</span> <span class='ocrx_word' id='word_1_455' title='bbox 1725 4036 1869 4073; x_wconf 83' lang='lat' dir='ltr'>mare</span> <span class='ocrx_word' id='word_1_456' title='bbox 1925 4019 2236 4088; x_wconf 84' lang='lat' dir='ltr'>Neptunum</span> <span class='ocrx_word' id='word_1_457' title='bbox 2293 4018 2490 4070; x_wconf 86' lang='lat' dir='ltr'>uocant</span> <span class='ocrx_word' id='word_1_458' title='bbox 2547 4016 2574 4068; x_wconf 96' lang='grc' dir='ltr'>Ι</span> <span class='ocrx_word' id='word_1_459' title='bbox 2629 4013 2741 4075; x_wconf 89' lang='grc'>121,</span> <span class='ocrx_word' id='word_1_460' title='bbox 2778 4008 2849 4061; x_wconf 77' lang='lat'>23.</span> 
     </span>
     <span class='ocr_line' id='line_1_53' title="bbox 588 4099 2555 4170; baseline 0.005 -19"><span class='ocrx_word' id='word_1_461' title='bbox 588 4100 692 4151; x_wconf 83' lang='lat' dir='ltr'>trix</span> <span class='ocrx_word' id='word_1_462' title='bbox 739 4099 766 4151; x_wconf 95' lang='lat' dir='ltr'>I</span> <span class='ocrx_word' id='word_1_463' title='bbox 815 4102 897 4165; x_wconf 85' lang='grc'>72,</span> <span class='ocrx_word' id='word_1_464' title='bbox 938 4103 986 4156; x_wconf 90' lang='grc'>6.</span> <span class='ocrx_word' id='word_1_465' title='bbox 1038 4104 1117 4155; x_wconf 89' lang='grc'>10.</span> <span class='ocrx_word' id='word_1_466' title='bbox 1164 4101 1246 4153; x_wconf 88' lang='grc'>14.</span> <span class='ocrx_word' id='word_1_467' title='bbox 1294 4102 1416 4166; x_wconf 87' lang='grc'>686,</span> <span class='ocrx_word' id='word_1_468' title='bbox 1461 4103 1541 4157; x_wconf 86' lang='lat'>14.</span> <span class='ocrx_word' id='word_1_469' title='bbox 1586 4104 1667 4156; x_wconf 85' lang='lat'>16.</span> <span class='ocrx_word' id='word_1_470' title='bbox 1797 4126 1942 4162; x_wconf 79' lang='lat' dir='ltr'>mare</span> <span class='ocrx_word' id='word_1_471' title='bbox 1982 4109 2200 4161; x_wconf 86' lang='lat' dir='ltr'>rubrum</span> <span class='ocrx_word' id='word_1_472' title='bbox 2241 4108 2268 4159; x_wconf 94' lang='lat' dir='ltr'>I</span> <span class='ocrx_word' id='word_1_473' title='bbox 2307 4107 2427 4170; x_wconf 78' lang='lat'>302,</span> <span class='ocrx_word' id='word_1_474' title='bbox 2474 4107 2555 4159; x_wconf 89' lang='lat'>11.</span> 
     </span>
     <span class='ocr_line' id='line_1_54' title="bbox 518 4188 2850 4261; baseline 0.001 -19"><span class='ocrx_word' id='word_1_475' title='bbox 518 4190 678 4255; x_wconf 84' lang='lat' dir='ltr'>lupus</span> <span class='ocrx_word' id='word_1_476' title='bbox 718 4190 814 4241; x_wconf 88' lang='lat' dir='ltr'>sub</span> <span class='ocrx_word' id='word_1_477' title='bbox 856 4193 969 4243; x_wconf 91' lang='lat' dir='ltr'>ouis</span> <span class='ocrx_word' id='word_1_478' title='bbox 1008 4193 1149 4261; x_wconf 90' lang='lat' dir='ltr'>pelle</span> <span class='ocrx_word' id='word_1_479' title='bbox 1188 4193 1215 4245; x_wconf 96' lang='grc' dir='ltr'>Ι</span> <span class='ocrx_word' id='word_1_480' title='bbox 1252 4194 1374 4255; x_wconf 90' lang='grc'>410,</span> <span class='ocrx_word' id='word_1_481' title='bbox 1419 4194 1499 4247; x_wconf 94' lang='grc'>16.</span> <span class='ocrx_word' id='word_1_482' title='bbox 1726 4199 1927 4252; x_wconf 77' lang='lat' dir='ltr'>Maria</span> <span class='ocrx_word' id='word_1_483' title='bbox 1965 4197 1991 4248; x_wconf 96' lang='lat' dir='ltr'>I</span> <span class='ocrx_word' id='word_1_484' title='bbox 2031 4197 2151 4258; x_wconf 88' lang='grc'>309,</span> <span class='ocrx_word' id='word_1_485' title='bbox 2188 4197 2267 4249; x_wconf 93' lang='grc'>16.</span> <span class='ocrx_word' id='word_1_486' title='bbox 2310 4194 2336 4246; x_wconf 96' lang='grc' dir='ltr'>Ι</span> <span class='ocrx_word' id='word_1_487' title='bbox 2376 4195 2497 4257; x_wconf 87' lang='grc'>376,</span> <span class='ocrx_word' id='word_1_488' title='bbox 2543 4195 2587 4246; x_wconf 90' lang='grc'>7.</span> <span class='ocrx_word' id='word_1_489' title='bbox 2628 4192 2744 4252; x_wconf 84' lang='grc'>715,</span> <span class='ocrx_word' id='word_1_490' title='bbox 2781 4188 2850 4239; x_wconf 85' lang='lat' dir='ltr'>ll-</span> 
     </span>
     <span class='ocr_line' id='line_1_55' title="bbox 520 4279 2243 4352; baseline 0.004 -22"><span class='ocrx_word' id='word_1_491' title='bbox 520 4279 685 4331; x_wconf 83' lang='lat' dir='ltr'>luscis</span> <span class='ocrx_word' id='word_1_492' title='bbox 733 4297 840 4332; x_wconf 93' lang='lat' dir='ltr'>non</span> <span class='ocrx_word' id='word_1_493' title='bbox 891 4283 1091 4335; x_wconf 87' lang='lat' dir='ltr'>accidit</span> <span class='ocrx_word' id='word_1_494' title='bbox 1126 4286 1189 4335; x_wconf 89' lang='lat' dir='ltr'>ut</span> <span class='ocrx_word' id='word_1_495' title='bbox 1229 4283 1435 4351; x_wconf 85' lang='lat' dir='ltr'>aliquid</span> <span class='ocrx_word' id='word_1_496' title='bbox 1476 4282 1670 4352; x_wconf 80' lang='lat' dir='ltr'>duplex</span> <span class='ocrx_word' id='word_1_497' title='bbox 1727 4289 1929 4341; x_wconf 72' lang='lat' dir='ltr'>Marica</span> <span class='ocrx_word' id='word_1_498' title='bbox 1966 4287 1992 4338; x_wconf 90' lang='lat'>1</span> <span class='ocrx_word' id='word_1_499' title='bbox 2030 4287 2115 4348; x_wconf 90' lang='grc'>82,</span> <span class='ocrx_word' id='word_1_500' title='bbox 2163 4286 2243 4338; x_wconf 90' lang='grc'>18.</span> 
     </span>
     <span class='ocr_line' id='line_1_56' title="bbox 592 4371 2545 4447; baseline 0.002 -24"><span class='ocrx_word' id='word_1_501' title='bbox 592 4371 817 4425; x_wconf 84' lang='lat' dir='ltr'>uideant</span> <span class='ocrx_word' id='word_1_502' title='bbox 851 4372 906 4425; x_wconf 92' lang='grc' dir='ltr'>ΙΙ</span> <span class='ocrx_word' id='word_1_503' title='bbox 945 4374 1030 4436; x_wconf 88' lang='grc'>32,</span> <span class='ocrx_word' id='word_1_504' title='bbox 1076 4374 1157 4428; x_wconf 90' lang='grc'>12.</span> <span class='ocrx_word' id='word_1_505' title='bbox 1731 4380 1870 4447; x_wconf 74' lang='lat' dir='ltr'>[uico</span> <span class='ocrx_word' id='word_1_506' title='bbox 1910 4378 2203 4430; x_wconf 82' lang='lat' dir='ltr'>Marmesso</span> <span class='ocrx_word' id='word_1_507' title='bbox 2243 4375 2269 4426; x_wconf 96' lang='lat' dir='ltr'>I</span> <span class='ocrx_word' id='word_1_508' title='bbox 2309 4376 2394 4434; x_wconf 87' lang='grc'>22,</span> <span class='ocrx_word' id='word_1_509' title='bbox 2440 4375 2545 4442; x_wconf 79' lang='lat'>12.]</span> 
     </span>
    </p>
   </div>
   <div class='ocr_carea' id='block_1_8' title="bbox 1693 2921 1697 3064">
    <p class='ocr_par' dir='ltr' id='par_1_10' title="bbox 1693 2921 1697 3064">
     <span class='ocr_line' id='line_1_57' title="bbox 1693 2921 1697 3064; baseline 0 0"><span class='ocrx_word' id='word_1_510' title='bbox 1693 2921 1697 3064; x_wconf 95' lang='lat' dir='ltr'> </span> 
     </span>
    </p>
   </div>
  </div>
 </body>
</html>
