3132 5043
499 413 657 478 VIII
1344 393 1928 471 Prolegomena.

497 608 768 670 aetatem
831 599 1212 666 Diocletiani
1271 601 1460 680 atque
1519 596 1919 662 Constantini
1976 598 2041 659 et
2096 595 2175 659 ad
2239 614 2338 659 res
2398 593 2786 660 Christianae

495 713 751 776 illorum
826 712 1183 791 temporum
1269 704 1627 769 accuratius
1712 701 2187 785 cognoscendas
2264 721 2480 766 omnes
2556 704 2785 782 sciunt,

498 815 1028 900 quemadmodum
1089 833 1143 879 a.
1198 813 1366 876 1678
1426 809 1727 874 inuentus
1776 812 1964 886 esset,
2012 808 2069 872 is
2117 808 2217 873 uir
2264 809 2552 887 eximius»,
2604 813 2788 877 cuius

496 923 906 1007 potissimum
956 939 1106 985 cura
1148 918 1613 1000 prudentiaque
1659 916 1723 979 in
1771 916 1981 979 lucem
2019 919 2356 980 reuocatus
2407 920 2507 980 est
2553 924 2616 982 et
2663 937 2789 983 ser-

499 1035 688 1096 uatus
743 1030 1014 1094 fortasse
1075 1025 1150 1090 ab
1207 1024 1490 1101 interitu,
1559 1022 1986 1105 Stephanus
2052 1022 2438 1101 Baluzius,
2504 1023 2567 1086 in
2617 1040 2788 1108 prae-

497 1138 734 1203 fatione
779 1135 1091 1200 Notarum
1149 1132 1229 1197 ad
1285 1130 1627 1197 editionem
1681 1130 2034 1212 principem
2093 1130 2282 1212 quam
2329 1131 2467 1213 ipse
2515 1132 2791 1197 confecit

501 1245 879 1327 scriptarum
930 1239 1267 1325 (Stephani
1315 1239 1562 1303 Baluzii
1609 1238 2164 1303 Miscellaneorum
2217 1237 2405 1302 Liber
2452 1240 2788 1317 secundm,

500 1340 699 1415 Paris.
755 1350 944 1424 1679,
993 1368 1054 1429 p.
1105 1347 1263 1428 347)
1309 1344 1689 1409 breuissime
1739 1344 2127 1428 significauit
2173 1344 2272 1408 his
2322 1345 2562 1409 uerbis:
2599 1345 2792 1411 ,Inter

499 1457 719 1520 multos
773 1476 847 1518 ac
902 1455 1110 1517 varios
1163 1453 1397 1517 codices
1449 1453 1911 1532 manuscriptos
1966 1470 2117 1531 quos
2169 1452 2268 1513 vir
2330 1452 2656 1515 literarum
2718 1473 2792 1515 ac

501 1562 885 1626 literatorum
932 1560 1408 1623 amantissimus
1453 1558 1514 1621 ὦ
1558 1560 1628 1621 in
1674 1559 1843 1621 omni
1882 1578 2105 1639 yenere
2159 1557 2366 1622 laudis
2421 1558 2792 1625 excellentis-

436 1682 439 1685 ’
499 1671 698 1733 simus
757 1668 807 1731 I
808 1664 1179 1732 OANNES
1230 1664 1699 1730 BAPTISTA
1753 1662 2305 1729 GOLBERTVS
2354 1666 2424 1729 in
2472 1665 2793 1746 publicam

500 1775 851 1840 studiorum
903 1773 1233 1837 utilitatem
1288 1793 1362 1835 ecc
1415 1772 1585 1835 omni
1629 1769 1915 1853 Europa,
1963 1772 2148 1852 Asia,
2197 1771 2427 1855 Africa
2471 1792 2794 1854 compara-

502 1883 609 1957 vit,
666 1885 952 1962 repertus
1016 1884 1103 1944 cst
1156 1899 1323 1943 unus
1378 1900 1533 1942 auro
1594 1883 1810 1944 contra
1864 1867 2312 1962 aestimanduS,
2359 1881 2429 1944 in
2483 1901 2601 1962 quo
2655 1902 2795 1945 con-

505 1990 738 2053 tinetur
783 1987 971 2052 Lucii
1025 1984 1281 2051 Caecilii
1327 1984 1653 2049 Firmiani
1689 1985 2013 2049 Lactantii
2057 1986 2208 2049 liber
2253 1987 2328 2051 de
2361 1990 2795 2068 persecutione

501 2096 628 2159 sive
675 2095 748 2159 de
792 2094 1091 2158 mortibus
1126 2098 1615 2176 persecutorum,
1666 2113 1782 2177 quo
1827 2084 2123 2157 hactenus
2168 2098 2457 2158 caruerat
2493 2093 2792 2159 Ecclesia.

504 2202 881 2267 Accuratam
931 2200 1007 2266 de
1046 2200 1191 2264 libri
1229 2200 1591 2265 inuentione
1630 2200 1924 2264 notitiam
1963 2200 2228 2283 triginta
2260 2201 2392 2265 fere
2431 2202 2610 2266 annis
2649 2206 2797 2284 post

508 2308 810 2374 Nicolaus
858 2308 945 2372 Le
966 2308 1216 2391 Noui-ry
1273 2307 1781 2392 congregationis
1828 2307 2155 2371 Maurinae
2221 2309 2564 2374 monachus
2618 2329 2794 2391 prae·

508 2414 676 2478 buit:
733 2414 842 2496 qui
901 2433 1059 2495 quae
1114 2414 1178 2477 in
1237 2413 1511 2478 editione
1570 2432 1685 2476 sua
1743 2410 1966 2496 (Paris,
2018 2414 2210 2491 1710,
2259 2413 2557 2498 Praefat.)
2603 2414 2799 2478 tradit

507 2520 810 2604 inscripta
844 2521 956 2584 ‘De
1004 2520 1175 2585 varia
1220 2521 1411 2610 hujus
1458 2519 1606 2584 libri
1651 2519 1894 2598 forma’‚
1936 2540 2159 2603 operae
2206 2521 2476 2586 fortasse
2523 2521 2795 2605 pretium

510 2630 609 2692 est
671 2628 773 2691 hic
830 2630 1129 2709 repetere.
1186 2626 1332 2691 Non
1388 2626 1670 2708 vulgaris
1722 2625 1930 2709 inquit
1976 2627 2255 2711 profecto
2285 2627 2424 2711 fuit
2467 2628 2656 2709 liujus
2711 2629 2797 2691 de

508 2732 869 2796 mortibus
903 2738 1467 2813 persecutorum
1513 2733 1661 2796 libri
1689 2733 1980 2817 fortuna,
2018 2735 2241 2814 vixque
2283 2735 2479 2798 alium
2523 2734 2798 2816 reperire

509 2843 614 2915 est,
645 2840 755 2919 qui
768 2844 917 2919 post
946 2840 1263 2904 densiores
1298 2840 1717 2925 lonyioresque
1745 2840 2029 2904 tenebras
2054 2842 2290 2923 maiore
2327 2862 2464 2904 cum
2489 2841 2800 2921 applausu

498 2945 818 3025 publicam
872 2946 942 3009 in
997 2946 1189 3010 lucem
1244 2946 1443 3010 denuo
1486 2947 1823 3027 prodierit.
1898 2947 2000 3010 Ab
2061 2949 2203 3029 ipsa
2248 2949 2552 3012 enimvero
2597 2952 2799 3012 aetate

510 3051 905 3135 Hieronymi,
952 3054 1010 3117 si
1056 3074 1243 3134 quam
1287 3057 1494 3118 tamen
1541 3055 1713 3118 illius
1757 3056 2129 3120 mentionem
2171 3076 2469 3136 umquam
2497 3056 2675 3139 fecit,
2714 3056 2802 3119 ad

509 3163 794 3223 nostrum
838 3179 1028 3239 usque
1075 3163 1334 3240 ternpus,
1374 3160 1444 3222 id
1488 3165 1598 3242 est,
1629 3181 1749 3244 per
1794 3161 2116 3225 duodecim
2160 3163 2403 3225 circiter
2445 3162 2694 3225 saecula
2729 3162 2799 3224 in

512 3265 929 3348 quarumdam
966 3264 1465 3329 bibliothecarum
1502 3267 1753 3350 anqulis
1787 3266 2062 3347 sepultus
2096 3268 2308 3333 iacuit.
2340 3267 2425 3330 In
2460 3267 2560 3330 his
2594 3270 2799 3331 autem

513 3370 763 3434 latebris
826 3370 1174 3435 luctabatur
1232 3393 1368 3436 cum
1428 3372 1637 3438 blattis
1692 3373 1751 3436 ὦ·
1810 3375 2015 3457 tineis,
2072 3375 2260 3439 donec
2331 3374 2800 3438 illustrissimus

512 3479 611 3541 vir
653 3477 925 3542 Ioannes
960 3477 1263 3559 Baptista
1306 3476 1640 3561 Colbertus,
1682 3480 2025 3544 litterariae
2066 3481 2458 3562 reipublicae,
2498 3482 2802 3565 totiusque

521 3582 755 3647 Gallici
798 3587 977 3666 reyni
1021 3585 1172 3649 bono
1208 3592 1417 3661 natus,
1444 3588 1838 3668 praeceperit
1872 3588 2327 3668 manuscriptos
2382 3587 2634 3670 codices,
2686 3610 2803 3653 un-

514 3691 701 3771 dique
735 3693 1124 3776 conquisitos,
1153 3713 1335 3756 suam
1370 3695 1439 3757 in
1477 3693 1898 3758 bibliothecam
1935 3696 2268 3775 asportari.
2305 3694 2474 3776 Ejus
2499 3696 2804 3781 siquidem

503 3799 695 3878 jussu
755 3798 1145 3863 clarissimus
1198 3800 1301 3863 vir¹
1350 3798 1438 3863 D.
1496 3799 1826 3880 Foucault,
1875 3805 2007 3864 tum
2060 3802 2131 3864 in
2186 3801 2540 3885 Aquitania
2593 3802 2803 3884 reqius

524 3904 844 3985 Quaestor,
893 3926 1059 3969 nunc
1103 3926 1246 3969 vero
1301 3903 1517 3969 Comes
1570 3905 2099 3988 Consistorianus,
2147 3927 2357 3972 omnes
2390 3907 2806 3988 perlustravit

515 4009 706 4091 liujus
744 4013 1106 4091 provinciae
1149 4012 1270 4076 sibi
1316 4013 1678 4076 commissae
1723 4012 2129 4095 bibliothecas,
2179 4034 2253 4077 ac
2305 4014 2555 4077 tandem
2604 4013 2804 4077 Mois·

517 4118 756 4197 siacum
812 4140 977 4183 anno
1033 4123 1221 4183 1678.
1282 4139 1485 4183 mense
1530 4119 1753 4199 Aprili
1795 4140 1861 4184 se
1906 4119 2182 4184 contulit.
2279 4118 2487 4184 Situm
2531 4141 2672 4185 vero
2716 4121 2806 4184 ibi

440 4263 443 4266 -
520 4229 610 4288 est
656 4218 1163 4309 antiquissimmn
1210 4225 1469 4290 Ordinis
1513 4227 1719 4290 sancti
1754 4225 2087 4291 Benedicti
2121 4227 2605 4309 Monasterium,
2644 4229 2810 4309 quod

520 4331 665 4395 olim
719 4332 1053 4396 vocabatur
1097 4332 1429 4396 Abbatia
1486 4333 1687 4397 mille
1741 4334 2277 4416 monachorum,
2314 4336 2577 4417 jamque
2623 4335 2684 4398 ci}
2730 4338 2807 4400 ab
