3132 5043
1272 479 1483 533 liber
1529 495 1572 535 c,
1610 478 1697 533 48.
1736 480 1824 535 49.
2141 480 2144 485 ’
2560 483 2689 546 233

380 677 509 742 tio
550 644 786 742 ‘sicut
834 676 1180 740 diximus
1229 676 1707 752 restituant,
1755 674 2378 739 indemnitatem
2428 674 2517 738 de
2571 694 2690 739 no-

382 786 567 848 stra
612 782 1186 847 beniuolentia
1233 783 1589 863 sperent.
1678 781 1755 845 in
1806 780 2102 863 quibus
2152 781 2521 846 omnibus
2572 789 2788 844 su-lo

381 909 534 973 pra
599 889 820 954 dicto
888 884 1211 970 corpori
1277 886 1933 953 Christianorum
2000 887 2689 952 intercessionem

382 1000 613 1060 tuam
681 994 1360 1079 efficacissimam
1430 993 1807 1058 exhibere
1884 993 2243 1072 debebis,
2319 997 2406 1058 ut
2477 1013 2691 1076 prae-

304 1128 339 1166 5
386 1104 722 1184 ceptum
770 1103 1138 1184 nostrum
1187 1099 1685 1182 quantocius
1736 1098 2241 1181 conpleatur,
2281 1117 2423 1181 quo
2464 1099 2690 1166 etiam

383 1209 475 1272 in
541 1209 685 1272 hoc
752 1226 888 1289 per
954 1205 1470 1270 clementiam
1534 1207 1894 1270 nostram
1970 1204 2235 1287 quieti
2307 1207 2689 1290 publicae

387 1316 900 1381 consulatur.
993 1314 1389 1377 hactenus
1439 1312 1613 1390 fiet,
1653 1315 1757 1388 ut,
1797 1312 2018 1377 sicut
2065 1313 2446 1395 superius
2497 1323 2773 1378 com-11

381 1421 880 1505 prehensum
939 1423 1083 1495 est,
1142 1418 1476 1483 diuinus
1533 1419 1761 1482 iuxta
1821 1437 1959 1484 nos
2016 1418 2270 1496 fauor,
2320 1438 2548 1501 quem
2609 1420 2688 1484 in

381 1527 656 1592 tantis
707 1545 983 1591 sumus
1031 1526 1268 1590 rebus
1320 1524 1658 1608 experti,
1704 1545 1843 1607 per
1889 1543 2110 1589 omne
2156 1528 2474 1609 tempus
2523 1546 2690 1610 pro-

269 1661 339 1702 ιο
383 1652 610 1716 spere
660 1632 1191 1698 successibus
1240 1630 1553 1696 nostris
1604 1650 1765 1695 cum
1812 1631 2335 1696 beatitudine
2382 1634 2692 1716 publica

378 1743 894 1823 perseueret.
987 1742 1074 1804 ut
1130 1742 1397 1803 autem
1453 1738 1697 1803 huius
1755 1738 2217 1804 sanctionis
2267 1742 2435 1815 <et>
2479 1740 2779 1805 beni-12

379 1847 815 1913 uolentiae
875 1849 1203 1911 nostrae
1259 1848 1513 1912 forma
1571 1847 1664 1911 ad
1712 1847 2055 1912 omnium
2101 1847 2376 1931 possit
2420 1868 2690 1930 perue-

378 1953 561 2018 nire
610 1953 1018 2031 notitiam,
1067 1953 1391 2035 prolata
1437 1957 2036 2038 programmate
2082 1957 2222 2020 tuo
2269 1955 2463 2019 haec
2513 1956 2690 2020 scri-

378 2064 528 2143 pta
586 2063 666 2125 et
720 2060 1023 2142 ubique
1081 2078 1529 2142 proponere
1591 2063 1670 2126 et
1724 2061 1815 2125 ad
1862 2061 2210 2126 omnium
2258 2062 2690 2127 scientiam

261 2195 334 2236 15
376 2170 467 2231 te
512 2167 877 2249 perferre
927 2167 1389 2243 conueniet,
1427 2170 1515 2232 ut
1562 2167 1789 2232 huius
1838 2170 2169 2232 nostrae
2217 2168 2690 2234 beniuolen-

374 2272 553 2337 tiae
614 2269 990 2359 [nostrae]
1054 2273 1374 2338 sanctio
1432 2274 1699 2338 latere
1755 2294 1904 2339 non
1964 2275 2257 2356 possit.

477 2379 596 2443 His
644 2379 878 2444 litteris
927 2379 1269 2462 propositis
1319 2379 1511 2443 etiam
1560 2381 1755 2445 uerbo
1805 2382 2097 2445 hortatus
2147 2384 2264 2460 est,
2304 2384 2379 2445 ut
2420 2400 2687 2447 conuen-
2711 2395 2781 2448 13

372 2484 587 2550 ticula
627 2484 795 2559 <in>
838 2486 1075 2548 statum
1142 2483 1485 2567 pristinum
1548 2485 1976 2551 redderentur.
2047 2486 2137 2552 sic
2197 2486 2271 2551 ab
2321 2504 2543 2552 euersa
2592 2507 2689 2552 ec-
2865 2484 2868 2485 ⁷

374 2592 588 2658 clesia
644 2610 848 2673 usque
906 2591 985 2654 ad
1039 2591 1407 2656 restitutam
1454 2593 1714 2657 fuerunt
1759 2593 1905 2656 anni
1951 2594 2193 2672 decem,
2241 2613 2493 2659 menses
2541 2596 2688 2678 plus

249 2733 329 2773 20
374 2697 602 2761 minus
657 2700 1026 2780 quattuor&

476 2806 585 2869 49.
682 2787 986 2886 Sequenti
1043 2806 1256 2868 autem
1311 2804 1554 2871 Licinio
1615 2825 1758 2870 cum
1819 2807 2097 2872 exercitu
2151 2810 2488 2890 tyrannum
2546 2829 2686 2892 pro·
2746 2826 2770 2878 1

366 2912 580 2995 fugus
620 2910 937 2975 concessit
985 2913 1048 2974 et
1092 2930 1314 2975 rursus
1354 2911 1544 2976 Tauri
1583 2913 1818 2977 montis
1859 2914 2189 2998 angustias
2227 2914 2435 2998 petiit.
2483 2916 2685 2979 muni-

366 3017 619 3082 mentis
684 3016 924 3081 ibidem
990 3036 1060 3081 ac
1125 3017 1407 3082 turribus
1465 3019 1789 3084 fabricatis
1844 3021 1968 3085 iter
2023 3021 2350 3086 obstruere
2419 3026 2683 3087 conat-us

453 3227 483 3280 1
541 3225 889 3278 restituerint
935 3224 1069 3291 Bal,
1114 3225 1211 3279 sed
1253 3227 1455 3280 Euseb.
1506 3227 1649 3290 ὅπως
1700 3226 1860 3293 αὐτοί,
1908 3226 2575 3294 οἷτινες-ἀποκαθιστῶσι,
2617 3263 2684 3270 -

362 3313 635 3375 ἓλπίζοιεν
764 3315 797 3368 2
833 3314 972 3367 bene
1011 3314 1255 3368 uolentia
1300 3315 1346 3368 C
1381 3317 1478 3384 (cs.
1510 3334 1571 3385 p.
1598 3320 1735 3385 229,
1763 3320 1851 3370 15.
1885 3321 2021 3385 232,
2057 3321 2107 3375 5.
2139 3321 2277 3385 233,
2304 3321 2399 3385 15)
2510 3322 2542 3374 6
2579 3337 2681 3389 pu·

363 3402 522 3456 blice
568 3402 629 3470 C,
667 3418 805 3459 corr.
834 3402 954 3456 Bal
1064 3405 1093 3457 7
1135 3405 1596 3473 conpraehensum
1629 3406 1678 3459 C
1778 3407 1811 3459 8
1852 3423 2010 3476 quem
2034 3405 2169 3473 Bal,
2200 3424 2302 3476 que
2339 3407 2385 3461 C
2488 3409 2521 3461 9
2558 3425 2682 3477 pro-

366 3491 552 3561 speris
589 3491 684 3545 uel
719 3509 972 3561 prospere
1009 3492 1303 3546 fluentibus
1349 3494 1398 3547 T
1398 3495 1582 3561 olliuS,
1619 3511 1842 3565 prosper
1888 3512 2004 3549 esse
2041 3496 2438 3561 Buenemann,·
2483 3495 2516 3566 ἡ
2559 3496 2683 3549 θεία

362 3578 582 3648 σπουδὴ
631 3579 748 3650 περὶ
790 3578 1093 3650 ἡμᾶς-διὰ
1137 3582 1328 3646 παντὸς
1374 3588 1465 3633 τοῦ
1511 3583 1702 3652 χρόνου
1752 3582 1982 3652 βεβαίως
2030 3584 2257 3655 διαμενεῖ
2297 3586 2498 3640 Euseb.
2535 3585 2575 3656 ἕ
2611 3591 2683 3639 13

367 3669 445 3722 10
487 3667 832 3722 beatitudine
869 3673 1074 3735 nostra,
1110 3670 1207 3724 sed
1248 3675 1433 3725 nostra
1480 3671 1603 3737 del„
1657 3672 1702 3725 0
1989 3675 2049 3727 11
2102 3676 2157 3727 et
2205 3674 2336 3727 add.
2375 3674 2681 3740 Friteschoe

362 3754 577 3826 ταὸτης
621 3762 720 3826 τῆς
765 3755 1027 3827 ἡμετέρας
1073 3758 1392 3829 νομοθεσίας
1444 3759 1532 3810 καὶ
1568 3767 1664 3831 τῆς
1701 3760 2097 3833 καλοκάγαθίας
2136 3762 2257 3833 ὅρος
2295 3763 2496 3816 Euseb.
2534 3762 2575 3833 ἕ
2609 3767 2681 3817 14

369 3845 442 3898 13
486 3843 700 3912 prolata
728 3844 863 3911 Bal,
891 3845 1137 3913 praelata
1173 3847 1240 3912 0,·
1269 3848 1482 3916 prolato
1511 3848 1818 3903 Heumann
1961 3852 2305 3920 programate
2338 3851 2383 3904 C
2491 3851 2556 3906 15
2586 3867 2692 3919 pr..

358 3935 596 3986 nostrae
644 3933 842 3986 retinet
884 3932 1065 3987 Halm
1100 3951 1161 4002 p.
1200 3938 1315 3987 164
1365 3936 1505 3990 conl.
1545 3937 1747 3990 Euseb.
1786 3936 1980 4008 ταύτης
2018 3944 2115 4008 τῆς
2153 3937 2412 4009 ἡμετέρας
2450 3938 2679 3993 καλοκά-

358 4018 592 4092 γαθίας,
632 4021 790 4074 alter.
828 4020 946 4074 Bal
1076 4021 1139 4075 18
1177 4021 1233 4074 in
1273 4022 1406 4075 add.
1442 4023 1563 4076 Bal
1725 4026 2140 4079 restituerentur
2175 4025 2498 4092 Heumann,
2536 4030 2676 4082 conl.

364 4152 412 4189 e.
464 4137 521 4201 3,
563 4139 600 4188 4
710 4136 778 4190 20
816 4102 929 4190 noh
963 4136 1012 4190 0
1113 4138 1177 4190 21
1222 4141 1484 4207 sequente
1520 4139 1785 4209 CuperuS,
1820 4142 1947 4194 item
1985 4158 2295 4210 anonymus
2315 4160 2374 4211 p.
2411 4145 2489 4196 67
2524 4142 2678 4197 Heu-

360 4241 553 4278 mann
600 4224 907 4291 Bentleius,
953 4228 1216 4295 tyrannus
1265 4243 1576 4296 anonymus
1611 4227 1745 4283 ibid.
1786 4235 1837 4282 et
1871 4231 2159 4284 Bentleius
2339 4233 2408 4285 22
2453 4233 2679 4286 recessit

361 4313 684 4367 Heumann
846 4316 1053 4383 rursus]
1096 4331 1252 4368 cursu
1290 4315 1581 4371 Bentleius
1741 4319 1904 4388 petiit
1949 4319 2245 4374 Columbus
2279 4326 2329 4374 et
2368 4337 2679 4392 anonymus

355 4401 532 4468 ibid„
568 4403 712 4471 petit
750 4401 795 4455 C
936 4405 1288 4458 munimentis
1328 4405 1461 4472 Bal,
1498 4408 1859 4461 monumentis
1908 4409 1954 4462 C

483 4525 671 4569 XXVII.
701 4526 829 4569 Laet.
861 4530 903 4578 2,
933 4525 1045 4568 fasc.
1075 4530 1116 4569 2.
2538 4519 2602 4572 16
