3132 5043
1154 439 1539 491 nominum
1600 439 1673 489 et
1727 450 1992 487 rerum.

452 653 486 689 a
536 636 754 690 Christo
803 635 831 687 I
869 635 989 697 341,
1051 634 1095 686 1.
1159 634 1277 695 717,
1335 633 1383 684 4.
1445 647 1537 684 cur

452 726 733 780 Christum
784 723 1196 793 reprobauerint
1241 723 1268 775 Ι
1316 723 1437 785 313,
1490 721 1533 773 1.

455 832 579 868 eum
628 830 846 883 magum
892 814 1224 881 putauerunt
1260 811 1287 864 Ι
1326 811 1446 873 329,
1485 810 1534 862 3.

448 906 576 968 409,
610 906 690 957 19.
733 903 847 956 eius
884 901 1141 954 miracula
1177 899 1390 968 magica
1427 897 1536 950 uir-

452 997 573 1046 tute
621 992 768 1045 facta
818 1008 934 1044 esse
975 991 1223 1043 dixerunt
1259 988 1287 1040 I
1325 987 1446 1050 321,
1492 988 1534 1039 1.

452 1083 577 1143 329,
632 1083 713 1134 13.
763 1082 884 1144 331,
936 1082 983 1133 9.
1035 1080 1155 1140 716,
1214 1079 1295 1131 17.
1356 1093 1537 1129 eorum

451 1171 714 1240 primores
774 1187 834 1223 ac
889 1168 1197 1222 sacerdotes
1256 1166 1537 1218 consilium

454 1261 520 1313 de
554 1259 770 1313 Christo
801 1258 1044 1311 tollendo
1074 1259 1333 1326 ceperunt
1359 1255 1387 1307 Ι
1416 1253 1535 1317 338,

454 1348 503 1399 8.
547 1348 669 1411 341,
709 1349 757 1400 3.
801 1348 920 1409 343,
951 1348 1002 1400 4.
1035 1347 1155 1408 717,
1184 1346 1232 1398 3.
1266 1344 1539 1398 Christum

457 1453 490 1489 a
527 1436 743 1489 Iudaeis
782 1435 1030 1504 fugatum
1072 1433 1383 1488 adfirmauit
1411 1433 1538 1485 scri-

454 1529 582 1595 ptor
638 1525 858 1594 quidam
917 1524 1249 1591 (Hierocle83
1313 1523 1381 1589 cf.
1442 1522 1542 1573 hoc

454 1616 678 1680 nomen)
708 1615 997 1667 latrocinia
1025 1614 1218 1667 fecisse
1248 1613 1275 1665 Ι
1302 1612 1424 1674 407,
1457 1611 1537 1662 12.

455 1702 707 1757 Christus
735 1705 803 1755 iis
833 1703 1067 1756 traditus
1096 1703 1123 1755 I
1153 1702 1274 1767 349,
1308 1701 1388 1753 10.
1418 1700 1538 1761 350,

459 1795 506 1845 7.
532 1792 656 1855 718,
678 1794 726 1846 3.
758 1791 894 1845 dixit
924 1808 979 1844 se
1011 1807 1191 1860 regem
1220 1788 1541 1842 Iudaeorum

457 1899 574 1935 esse
613 1882 640 1934 Ι
680 1883 800 1944 349,
854 1883 934 1935 13.
986 1898 1105 1934 eum
1151 1877 1543 1931 interfecerunt

453 1971 483 2023 1
522 1972 645 2037 349,
688 1972 770 2024 16.
819 1972 942 2031 355,
980 1972 1029 2022 4.
1071 1970 1191 2031 360,
1233 1970 1279 2020 9.
1332 1965 1452 2029 718,
1491 1965 1541 2019 4.

455 2059 513 2112 II
541 2060 601 2111 M
633 2061 752 2123 173,
782 2060 863 2112 10.
897 2060 962 2112 ab
992 2060 1058 2110 iis
1093 2057 1341 2112 Christus
1371 2070 1543 2122 agnus

464 2148 727 2201 candidus
797 2149 1110 2200 immolatus
1176 2146 1203 2198 1
1269 2144 1391 2206 383,
1458 2141 1540 2193 20.

457 2238 650 2291 Iudaei
701 2242 816 2291 tum
867 2236 1138 2291 excaecati
1188 2236 1352 2301 atque
1400 2229 1543 2282 insa·

457 2328 632 2380 nabili
662 2328 841 2380 furore
874 2326 1108 2394 correpti
1133 2325 1159 2377 Ι
1189 2324 1311 2385 360,
1341 2322 1388 2373 9.
1420 2322 1545 2388 post

456 2417 904 2469 resurrectionem
918 2416 983 2467 iis
1000 2414 1245 2469 Christus
1260 2408 1544 2463 ostendere

350 2530 355 2536 ·
454 2523 513 2558 se
570 2507 750 2559 noluit
787 2506 813 2559 Ι
852 2507 974 2568 364,
1014 2506 1062 2557 4.
1104 2500 1294 2556 Iudaei
1354 2498 1543 2551 etiam·

454 2614 599 2649 nunc
642 2598 871 2665 figuram
906 2595 1175 2665 passionis
1217 2590 1419 2645 Christi
1460 2604 1545 2640 ex-

458 2688 673 2748 hibent,
725 2703 844 2739 cum
891 2686 1080 2737 limina
1118 2700 1214 2735 sua
1253 2683 1318 2735 de
1360 2697 1545 2734 cruore
1593 2695 1598 2698 ’

459 2777 587 2844 agni
634 2778 830 2828 notant
875 2774 902 2827 Ι
942 2775 1063 2836 383,
1107 2773 1189 2825 12.
1242 2789 1272 2824 a
1320 2771 1419 2822 deo
1459 2787 1545 2822 ex-

457 2864 725 2925 heredati,
786 2863 913 2931 quia
959 2861 1233 2916 Christum
1292 2860 1543 2927 reproba-

462 2959 663 3007 uerunt
700 2954 727 3006 Ι
766 2954 888 3014 365,
927 2954 976 3005 4.
1027 2952 1148 3013 366,
1198 2952 1245 3002 9.
1297 2951 1418 3014 721,
1459 2951 1542 3002 22.

459 3061 527 3096 ne
570 3044 673 3096 sibi
716 3043 780 3095 de
821 3059 1026 3094 summo
1068 3040 1166 3093 deo
1198 3039 1547 3092 blandiantur

456 3134 486 3186 1
507 3135 630 3196 722,
653 3133 737 3184 24.
759 3132 964 3184 nullam
988 3129 1149 3181 aliam
1172 3145 1320 3197 spem
1341 3128 1548 3180 habent

459 3223 565 3275 nisi
597 3221 936 3290 sperauerint
975 3222 1028 3272 in
1060 3217 1334 3273 Christum
1364 3216 1392 3268 I
1421 3218 1543 3279 356,

461 3315 510 3365 5.
543 3312 663 3371 721,
689 3311 772 3364 16.
802 3310 1001 3363 frustra
1032 3309 1319 3362 secundum
1345 3307 1547 3360 Christi

460 3400 760 3453 aduentum
781 3399 1051 3467 sperant]
1084 3398 1205 3455 585,
1240 3397 1320 3450 18.
1356 3397 1545 3448 Petrus

463 3494 519 3541 et
571 3489 773 3540 Paulus
830 3488 1035 3540 Romae
1092 3487 1547 3557 praedicauerunt

467 3595 653 3646 regem
711 3595 801 3630 eos
860 3580 1289 3645 expugnaturum
1347 3591 1463 3627 esse
1520 3574 1547 3626 1

464 3668 589 3727 367,
651 3665 716 3719 18
774 3682 843 3719 ss,
902 3665 1268 3733 Vespasianus
1319 3681 1409 3716 eos
1459 3680 1545 3715 ex-

461 3755 629 3808 tinxit
676 3754 703 3806 Ι
754 3753 873 3817 368,
925 3755 1005 3806 11.
1057 3754 1176 3815 719,
1227 3753 1310 3805 17.
1349 3751 1545 3803 Iudae-

465 3862 616 3896 orum
674 3860 772 3896 nos
830 3859 1161 3895 successores
1218 3859 1279 3894 ac-
1344 3840 1547 3909 posteri

466 3950 647 3994 sumus
687 3932 715 3984 I
751 3934 873 3995 475,
917 3932 998 3985 14.
1052 3931 1269 3983 domum
1318 3929 1455 3983 Iuda
1493 3932 1549 3980 et

469 4021 681 4075 Israhel
707 4022 973 4091 propheta
996 4037 1105 4072 non
1124 4018 1355 4072 Iudaeos
1378 4019 1545 4085 signi—

461 4111 609 4175 ficat,
651 4110 747 4164 sed
793 4127 905 4173 nos,
947 4111 1040 4179 qui
1080 4109 1412 4178 appellamur
1449 4108 1547 4160 filii

464 4200 792 4253 Iudaeorum
823 4199 850 4252 I
872 4200 991 4261 366,
1022 4197 1070 4253 8.
1097 4196 1288 4249 Iudaei
1315 4197 1545 4248 maiores

464 4289 639 4341 nostri
678 4287 705 4340 I
753 4288 873 4349 302,
933 4287 980 4339 3.
1040 4289 1161 4350 475,
1224 4287 1303 4339 17.
1364 4290 1544 4354 patres

464 4379 643 4430 nostri
681 4378 708 4430 Ι
745 4377 868 4440 475,
907 4378 992 4429 22.
1041 4375 1272 4445 populus
1311 4374 1543 4443 perfidus

2610 432 2735 494 317

1662 628 1689 680 Ι
1727 627 1847 689 306,
1892 626 1972 678 14.
2015 624 2136 689 313,
2176 624 2226 677 8.
2265 624 2513 691 ingratus
2551 623 2578 675 I
2616 622 2738 684 304,

1668 715 1749 768 18.
1793 715 1911 775 714,
1952 714 2037 768 25.
2096 713 2332 782 perfidus
2386 713 2742 780 ingratusque

1663 806 1690 857 Ι
1746 805 1867 866 277,
1933 804 2017 855 24.
2086 805 2370 856 contumax
2426 800 2453 852 I
2512 799 2631 863 715,
2694 800 2743 851 2.

1664 892 1934 962 Apollinis
1964 891 2163 944 Milesii
2205 890 2270 941 de
2299 889 2623 941 Iudaeorum
2661 903 2744 939 re-

1664 982 1870 1051 ligione
1919 980 2191 1033 oraculum
2237 978 2293 1032 ΙΙ
2342 979 2459 1040 129,
2511 978 2592 1029 11.
2645 976 2747 1028 erit

1665 1071 1822 1123 nobis
1862 1072 2051 1122 contra
2078 1068 2306 1120 Iudaeos
2346 1068 2595 1135 separata
2631 1080 2744 1115 ma·

1665 1160 1818 1222 teria,
1848 1160 1903 1210 in
1933 1174 2038 1227 qua
2066 1157 2189 1209 illos
2226 1155 2417 1208 erroris
2446 1156 2501 1206 et
2529 1152 2746 1205 sceleris

1665 1250 2001 1302 reuincemus
2065 1246 2091 1298 I
2157 1244 2277 1306 585,
2344 1245 2428 1297 25.
2496 1241 2746 1296 Iudaicae

1667 1337 1950 1406 religionis
1989 1336 2326 1388 sacramenta
2353 1331 2549 1401 quibus
2575 1330 2632 1382 in
2659 1345 2742 1382 re-

1665 1426 1766 1478 bus
1821 1425 2125 1478 consistant
2175 1425 2202 1477 Ι
2249 1423 2370 1485 343,
2422 1422 2469 1474 6.
2525 1420 2646 1482 346,
2695 1418 2744 1470 9.

1667 1514 1920 1567 Iudaicae
1958 1512 2099 1580 legis
2129 1512 2419 1579 praecepta.
2448 1508 2472 1559 I
2507 1506 2627 1569 348,
2658 1505 2742 1557 20.

1667 1601 1921 1656 Iudaicae
1977 1600 2240 1652 historiae
2291 1599 2318 1651 Ι
2370 1597 2491 1659 285,
2549 1596 2629 1647 12.
2679 1624 2746 1630 -

1670 1692 1734 1744 cf.
1776 1690 2025 1743 Hebraei.

1597 1781 1760 1834 Iudas
1811 1779 2060 1848 princeps
2116 1776 2372 1830 examinis
2428 1772 2748 1826 Iudaeorum

1670 1869 1696 1921 I
1736 1870 1857 1931 303,
1902 1870 1983 1920 15.
2027 1866 2093 1919 cf.
2130 1866 2284 1919 Iuda.

1598 1958 1762 2011 Iudas
1800 1958 1827 2010 Ι
1856 1957 1976 2019 349,
2008 1957 2054 2008 9.
2084 1954 2330 2023 proditor
2353 1953 2403 2004 Π
2427 1951 2482 2003 Μ
2516 1952 2632 2014 174,
2667 1951 2748 2003 10.

1599 2045 1794 2099 iudicis
1835 2048 1920 2097 est
1956 2062 2063 2096 non
2090 2042 2473 2111 argumentari,
2502 2039 2597 2092 sed
2627 2057 2748 2108 pro-

1671 2134 1924 2186 nuntiare
1964 2134 1990 2185 1
2032 2133 2150 2194 179,
2195 2133 2241 2184 7.

1600 2223 1856 2276 iudicium
1916 2221 2004 2273 dei
2059 2221 2309 2273 ultimum
2368 2217 2632 2270 deuiuis
2690 2233 2751 2268 ac

1671 2311 1898 2364 mortuis
1954 2310 1981 2362 I
2040 2310 2158 2372 172,
2218 2309 2265 2360 6.
2325 2308 2445 2368 585,
2498 2307 2579 2359 14.
2630 2306 2749 2369 647,

1673 2400 1901 2461 3-652,
1945 2400 2025 2451 16.
2065 2396 2186 2461 658,
2216 2397 2445 2459 4-659,
2478 2396 2524 2447 9.
2556 2411 2750 2463 appro-

1673 2491 1934 2558 pinquare
1994 2488 2107 2540 eius
2164 2490 2377 2554 tempus
2424 2484 2452 2538 I
2500 2484 2620 2548 628,
2665 2484 2748 2536 12.

1676 2581 1795 2640 755,
1836 2578 1921 2630 20.
1971 2579 2264 2629 extremum
2309 2574 2570 2627 iudicium
2618 2589 2750 2641 gen-

1674 2668 1811 2720 tium
1849 2667 1876 2719 1
1907 2666 2035 2730 666,
2069 2667 2122 2717 ’5.
2165 2666 2285 2727 760,
2328 2665 2373 2716 1.

1606 2757 1661 2811 C.
1714 2757 1886 2809 Iulius
1940 2754 2137 2809 Caesar
2187 2754 2433 2822 pontifex
2487 2753 2748 2804 maximus

1670 2846 1698 2898 Ι
1750 2847 1835 2909 20,
1892 2846 1974 2897 11.
2030 2843 2343 2897 Ciceronem
2396 2846 2451 2895 et
2489 2840 2749 2895 Catonem

1675 2935 1876 2988 seruari
1923 2934 2099 2987 uoluit
2143 2933 2170 2985 I
2217 2934 2338 2996 239,
2378 2935 2410 2985 2
2458 2931 2601 3002 (238,
2642 2931 2750 2996 20).

1676 3043 1707 3077 a
1744 3025 1964 3094 publica
2012 3024 2265 3092 ciuilique
2314 3022 2528 3075 iustitia
2574 3037 2748 3073 remo-

1675 3114 1916 3166 tissimus
1947 3114 1974 3167 Ι
2005 3114 2125 3176 553,
2153 3115 2201 3165 5.
2241 3112 2449 3181 patriae
2487 3109 2754 3179 parricida

1673 3202 1697 3254 1
1739 3204 1823 3264 60,
1875 3204 1956 3255 17.
2008 3203 2121 3253 eius
2169 3202 2330 3253 funus
2377 3201 2404 3253 I
2452 3199 2536 3262 60,
2579 3199 2643 3251 18
2683 3215 2750 3250 ss.

1676 3291 1805 3344 deus
1858 3291 2035 3343 factus
2088 3292 2112 3344 1
2161 3292 2247 3354 60,
2305 3291 2384 3342 15.
2438 3289 2563 3341 Piso
2604 3303 2755 3342 socer

1676 3382 1789 3433 eius
1831 3386 1886 3432 et
1923 3382 1982 3434 L.
2013 3380 2210 3435 Caesar
2248 3380 2582 3449 propinquus
2608 3376 2636 3428 I
2663 3377 2748 3439 60,

1676 3470 1758 3523 20.
1819 3470 1887 3522 ad
1944 3487 2064 3522 eum
2122 3468 2308 3523 Cicero
2360 3468 2387 3520 1
2434 3468 2554 3530 553,
2596 3467 2644 3518 3.
2687 3495 2752 3502 -

1676 3559 1741 3611 cf.
1781 3558 2079 3625 Augustus.

1604 3648 1663 3700 L.
1713 3647 1926 3711 (Iulius)
1989 3645 2185 3699 Caesar
2241 3646 2297 3700 C.
2358 3642 2575 3699 Caesari
2631 3658 2752 3709 pro-

1674 3737 1877 3805 pinquo
1909 3737 2068 3788 funus
2097 3736 2214 3789 fieri
2243 3735 2468 3786 uetabat
2496 3732 2523 3784 1
2552 3733 2637 3796 60,
2666 3731 2751 3786 20.

1605 3825 1773 3877 Iulius
1803 3826 2065 3878 Proculus
2084 3824 2298 3877 Romuli
2326 3822 2586 3875 mandata
2605 3820 2754 3890 plebi

1675 3914 1956 3967 nuntiauit
1993 3915 2020 3967 Ι
2058 3914 2143 3977 61,
2183 3915 2232 3967 3.

1606 4003 1779 4072 [Iulus
1817 4004 1844 4056 Ι
1879 4005 2002 4068 431,
2044 4004 2112 4073 7.]

1603 4096 1737 4148 Iuno
1772 4095 2074 4163 [aiuuando
2108 4096 2256 4148 dieta
2283 4093 2310 4146 Ι
2336 4092 2424 4154 43,
2454 4092 2562 4159 22.]
2595 4090 2754 4141 homo

1675 4186 1779 4237 suit
1829 4187 1854 4238 1
1901 4188 1987 4250 65,
2037 4187 2118 4239 13.
2169 4181 2409 4254 [Saturni
2457 4182 2570 4235 filia
2605 4178 2633 4231 I
2668 4179 2754 4241 53,

1675 4279 1761 4330 22.
1813 4279 1924 4346 23]
1975 4279 2052 4346 [in
2100 4275 2279 4330 insula
2318 4278 2474 4329 Samo
2515 4269 2757 4326 adoleuit

1673 4370 1857 4438 ibique
1888 4373 2005 4425 Ioui
2035 4372 2221 4441 nupsit
2249 4371 2276 4423 1
2306 4370 2391 4432 65,
2423 4369 2495 4436 9.]
2530 4365 2757 4418 coniunx
