3132 5043
586 475 768 538 XXII
1439 473 2023 542 Prolegomena.

595 667 992 749 Cuperum:
1058 669 1119 731 in
1191 687 1315 750 qua
1379 687 1501 733 non
1571 669 1781 733 solum
1829 669 2090 733 editoris
2141 668 2454 747 Columbi,
2515 669 2625 733 sed
2682 671 2871 734 etiam

588 774 818 858 Cuperi
863 775 1165 840 nonnulla
1209 775 1482 839 feliciter
1526 776 1786 839 inuenta
1832 776 2237 859 proferuntur
2283 776 2361 840 ad
2397 779 2641 841 textum
2691 779 2876 843 corri-

591 881 868 964 gendum
914 881 1312 965 pertinentia,
1364 884 1688 963 praeterea
1737 883 2206 963 explanationes
2244 902 2452 946 rerum
2493 884 2568 947 ab
2606 886 2877 966 utroque

585 989 1002 1071 conscriptae,
1053 987 1336 1070 Cuperus
1395 1008 1550 1071 quas
1609 992 1791 1053 notas
1842 988 2151 1054 Columbo
2210 989 2603 1071 praebuerat.
2653 995 2875 1072 postea

586 1098 804 1159 auctas
854 1098 918 1159 et
965 1095 1329 1159 emendatas
1390 1095 1469 1158 ad
1512 1095 1785 1158 Paulum
1837 1095 2004 1159 Voet
2056 1114 2174 1160 van
2222 1096 2519 1159 Winssen
2577 1096 2875 1160 Traiecti-

585 1220 737 1264 num
782 1201 979 1279 misit,
1031 1202 1138 1284 qui
1187 1221 1292 1265 eas
1341 1220 1485 1266 cum
1535 1201 1839 1267 Bauldrio
1891 1202 2465 1266 communicauisse
2520 1201 2796 1266 uidetur.
2820 1201 2873 1285 9)

582 1307 792 1372 Etiam
861 1308 1156 1374 Columbi
1235 1311 1418 1373 notas
1484 1308 1747 1372 Bauldri
1812 1309 2087 1391 repetiit,
2156 1329 2228 1373 ex
2290 1308 2590 1374 Bauldrio
2661 1312 2872 1374 autern

585 1414 852 1498 Lenglet
907 1434 1058 1479 suae
1118 1414 1380 1481 editioni
1431 1420 1492 1479 et
1541 1414 1926 1497 Cuperianas
1975 1415 2065 1501 (II
2110 1437 2172 1499 p.
2221 1417 2602 1495 421—522)
2650 1419 2714 1480 et
2761 1416 2872 1481 Oo-

582 1520 939 1585 lumbianas
1008 1518 1096 1608 (II
1161 1542 1219 1604 p.
1288 1522 1669 1606 358—393)
1736 1522 2027 1588 inseruit.
2074 1523 2151 1586 A.
2207 1524 2413 1586 1690
2462 1520 2776 1607 (Parisiis)
2840 1542 2875 1586 a

584 1626 931 1692 Nicolao
995 1627 1345 1692 Toinard
1411 1629 1618 1692 editae
1687 1633 1838 1693 sunt
1904 1629 2109 1693 Notae
2170 1630 2240 1692 iri
2305 1628 2710 1693 Lactantium
2773 1628 2875 1692 De

588 1731 905 1797 Mortibus
943 1732 1441 1810 Persecutorum,
1481 1735 1715 1817 quibus
1763 1755 2146 1818 quamquam
2194 1739 2546 1800 tractantur
2589 1735 2876 1818 inprimis

586 1840 992 1921 quaestiones
1059 1840 1401 1906 historicae
1472 1845 1536 1906 et
1603 1842 2106 1927 chronologicae,
2164 1842 2335 1907 haud
2388 1862 2526 1907 raro
2584 1861 2733 1905 sane
2797 1842 2873 1906 ab

587 1951 959 2029 argumento
1009 1948 1152 2011 libri
1202 1948 1505 2012 Mortium
1556 1950 1715 2013 satis
1764 1950 2023 2028 alienae,
2071 1955 2283 2015 tamen
2342 1949 2533 2013 etiam
2582 1949 2874 2013 emenda-

583 2051 790 2116 tiones
839 2052 1148 2135 quaedam
1194 2059 1647 2137 proponuntur.
1695 2055 1819 2119 Hic
1868 2074 2118 2137 quoque
2165 2059 2345 2119 notas
2395 2073 2543 2119 suas
2580 2055 2644 2118 in
2688 2074 2872 2119 usum

583 2158 870 2223 Bauldrii
917 2160 1149 2224 iterum
1194 2162 1531 2237 recensuit,
1581 2162 1748 2225 unde
1796 2162 1966 2245 apud
2011 2162 2178 2226 hunc
2225 2161 2412 2225 editio
2464 2161 2740 2225 secunda
2793 2162 2870 2226 iis

582 2263 962 2347 inscriptum
1029 2270 1147 2344 est,
1175 2265 1253 2353 1⁰)
1321 2287 1391 2331 ex
1457 2268 1731 2332 editione
1797 2268 2179 2332 Bauldriana
2241 2268 2417 2351 ipsae
2485 2287 2735 2350 quoque
2810 2268 2871 2330 in

584 2370 1059 2454 Lengletianam
1108 2373 1199 2458 (II
1245 2373 1629 2458 393—418)
1676 2375 2079 2438 transierunt.

672 2477 1028 2543 Proximam
1070 2479 1411 2545 editionem
1442 2482 1694 2546 curauit
1723 2483 1975 2546 coactor
2002 2480 2109 2545 ille
2139 2480 2494 2545 industrius
2525 2479 2869 2543 alienarum

585 2583 928 2666 copiarum,
978 2607 1165 2670 quem
1214 2588 1398 2653 modo
1450 2588 1702 2669 saepius
1750 2587 2239 2663 nominauimus‚
2277 2586 2649 2668 inscriptam
2689 2583 2877 2648 Lucii

591 2688 851 2754 Caecilii
894 2693 1221 2757 Firmiaui
1277 2692 1603 2758 Lactantii
1656 2693 1761 2758 De
1814 2693 2136 2757 DIortibus
2191 2692 2688 2773 Persecutorum,
2737 2712 2877 2756 cum

584 2794 769 2860 Notis
806 2797 1108 2878 Stephani
1142 2799 1425 2882 Baluzii,
1468 2800 1835 2881 Tutelensi's‘,
1877 2802 1986 2880 qui
2019 2800 2274 2880 primus
2321 2821 2396 2863 ex
2439 2799 2629 2863 veteri
2674 2799 2878 2862 codice

584 2900 734 2965 MS.
762 2902 1183 2970 Bibliothecae
1222 2905 1609 2971 Colbertinae
1634 2908 1927 2988 vulyavit,
1959 2906 2179 2970 Editio
2205 2904 2508 2970 Secunda.
2534 2903 2613 2990 ²¹)
2651 2903 2878 2969 Acces-

582 3015 800 3073 serant
852 3009 1027 3075 G-isb.
1079 3011 1332 3095 Caperi,
1380 3014 1474 3078 Io.
1531 3011 1829 3094 Columbi,
1883 3013 2029 3077 1720.
2078 3012 2307 3093 Spmk,
2358 3012 2497 3076 Nic.
2547 3011 2875 3094 Toinardi‚

582 3115 677 3178 Ιο.
730 3114 949 3200 Geory.
1002 3116 1282 3200 Graevii,
1334 3120 1484 3184 Tho.
1538 3119 1717 3201 Gale,
1766 3119 1956 3184 Eli-ae
2001 3119 2340 3201 Bokerelli,
2399 3125 2875 3199 ceterorumque,

583 3221 661 3285 de
708 3223 930 3302 quibus
976 3225 1046 3288 iri
1095 3224 1507 3308 Praefatione
1553 3227 1641 3289 ad
1685 3225 2024 3306 Lectorem,
2083 3227 2699 3307 AnimadversioneS,
2748 3231 2879 3290 tam

580 3327 877 3394 hacteuus
938 3331 1157 3413 editae,
1229 3354 1416 3413 quam
1485 3334 1777 3397 ineditae.
1859 3332 2215 3414 Recensuit,
2276 3333 2412 3396 suis
2476 3334 2674 3413 auxit,
2736 3354 2876 3397 cum-

600 3434 1002 3501 Versioriibus
1036 3439 1312 3518 contulit,
1354 3439 1665 3504 Paulus
1708 3440 2088 3505 Bauldri.
2127 3440 2391 3519 Addita,
2419 3445 2570 3521 post
2605 3441 2872 3524 reliqua,

582 3539 784 3604 Herir.
830 3541 1144 3609 Dodwelli
1186 3544 1576 3610 Dissertatio
1641 3548 1717 3610 de
1765 3546 1941 3627 Ripa
1999 3545 2249 3628 Striya:
2306 3568 2416 3611 uec
2469 3566 2595 3612 riori
2645 3545 2876 3610 leeod.

583 3645 894 3713 Ruinarti
941 3648 1269 3735 Praefatio
1317 3653 1403 3716 ad
1446 3653 1613 3716 Acta
1661 3653 2030 3736 Martyrum
2045 3674 2066 3730 ,·
2122 3674 2260 3716 cum
2307 3653 2631 3718 Indicibus
2675 3671 2875 3715 neces-

658 3854 698 3923 9)
723 3855 804 3913 Cf.
851 3858 1166 3913 Bauldrium
1212 3861 1267 3913 in
1315 3861 1565 3916 Dedicat.
1613 3880 1664 3932 p.
1714 3862 1746 3914 8
1786 3866 1841 3916 et
1876 3863 1933 3915 in
1971 3861 2206 3915 Praefat.
2247 3881 2297 3932 p.
2337 3861 2395 3890 ²*
2433 3864 2468 3915 4
2516 3863 2571 3914 et
2608 3858 2876 3929 Cuperum

587 3943 644 3996 in
690 3946 1034 4001 Praefatione
1083 3966 1177 4001 sua
1226 3968 1309 4018 ap.
1358 3951 1676 4004 Bauldrium
1727 3953 1832 4005 uol.
1880 3952 1936 4004 II
1986 3955 2108 4005 ante
2156 3952 2331 4005 Notas
2379 3943 2519 4012 suas,
2560 3965 2695 4019 quae
2741 3949 2877 4002 ibid.

589 4050 639 4101 p.
684 4034 962 4091 123—256
1002 4042 1145 4105 sunt,
1186 4038 1531 4107 eiusdemque
1582 4040 1650 4092 ad
1696 4040 1926 4094 Paulum
1964 4040 2104 4094 Voet
2149 4057 2252 4093 van
2292 4039 2542 4092 Winssen
2588 4039 2878 4107 epistulam

588 4139 638 4190 p.
680 4124 781 4176 257
822 4141 912 4188 ss,;
957 4132 1252 4194 sequuntur
1290 4128 1432 4194 apud
1470 4128 1782 4182 Bauldrium
1821 4129 1998 4182 Notae
2038 4128 2288 4183 Columbi
2324 4146 2375 4197 p.
2416 4127 2717 4182 266—323.

666 4211 728 4278 ¹⁰)
753 4211 832 4267 Cf.
882 4214 1197 4269 Bauldrium
1244 4217 1299 4269 in
1347 4217 1597 4271 Dedicat.
1649 4236 1700 4287 p.
1749 4219 1781 4272 8
1832 4223 1887 4272 et
1933 4220 1987 4272 in
2035 4218 2271 4271 Praefat.
2321 4237 2372 4288 p.
2415 4219 2472 4248 **
2509 4219 2572 4281 43
2619 4215 2882 4269 Toinardi

583 4298 762 4354 Notas
797 4301 854 4355 II
891 4321 943 4372 p.
984 4305 1264 4359 339--388
1300 4306 1482 4359 habet.

665 4389 728 4456 ¹¹)
768 4392 849 4445 De
888 4393 990 4447 hac
1027 4396 1391 4464 appellatione
1432 4394 1495 4449 cf.
1535 4413 1696 4465 supra
1735 4415 1784 4466 p.
1823 4396 1937 4449 XX.
