3132 5043
1209 449 1417 502 liber
1456 465 1497 501 c.
1540 449 1589 503 2.
1631 449 1683 502 3.
2459 451 2581 513 177

289 645 807 720 dominationem,
858 644 1292 709 subiectorum
1346 648 1555 708 tamen
1616 643 1973 707 ceruicibus
2020 643 2351 706 incubauit
2398 662 2584 724 quam

287 752 653 816 diutissime
708 755 1014 832 tutusque
1068 752 1382 834 regnauit,
1440 752 1639 815 donec
1694 751 1925 832 impias
1984 769 2211 813 manus
2278 749 2585 812 aduersus

287 859 617 923 dominum
664 858 972 922 tenderet.
1066 861 1405 940 postquam
1463 878 1613 921 uero
1664 858 1742 921 ad
1787 857 2292 938 persequendum
2340 857 2585 920 iustum
2660 862 2693 913 2

283 966 599 1048 populum
655 966 963 1029 instinctu
1020 964 1398 1028 daemonum
1453 965 1757 1029 incitatus
1817 967 1934 1040 est,
1990 968 2143 1027 tunc
2203 963 2475 1027 traditus
2522 962 2584 1025 in

222 1096 246 1135 5
287 1093 513 1136 manus
580 1073 983 1136 inimicorum
1046 1072 1171 1135 luit
1234 1091 1490 1152 poenas,
1556 1091 1669 1135 nec
1738 1071 1895 1134 satis
1954 1070 2034 1133 ad
2086 1070 2397 1133 ultionem
2462 1069 2588 1133 fuit

286 1180 461 1261 quod
509 1181 611 1243 est
655 1179 1031 1242 interfectus
1082 1178 1281 1242 domi:
1334 1179 1521 1242 etiam
1573 1177 1877 1241 memoria
1922 1176 2193 1241 nominis
2235 1177 2371 1239 eius
2412 1195 2588 1239 erasa

285 1289 403 1350 est.
502 1306 649 1349 nam
706 1305 851 1349 cum
909 1286 1114 1349 multa
1173 1285 1489 1350 mirabilia
1537 1304 1724 1367 opera
1770 1285 2164 1359 fabricasset,
2213 1301 2358 1346 cum
2407 1282 2587 1364 Capi·
2662 1288 2693 1339 3

281 1393 517 1456 tolium
570 1393 816 1474 aliaque
864 1393 1105 1456 nobilia
1150 1396 1562 1456 monumenta
1609 1392 1887 1465 fecisset,
1940 1392 2197 1454 senatus
2236 1389 2324 1452 ita
2361 1408 2586 1452 nomen

282 1500 423 1563 eius
472 1476 848 1581 persecutus
899 1502 1016 1577 est,
1065 1504 1140 1564 ut
1185 1519 1387 1581 neque
1435 1498 1785 1581 imaginum
1831 1516 2032 1579 neque
2078 1497 2413 1560 titulorum
2451 1497 2587 1559 eius

200 1631 245 1668 ιο
279 1606 675 1688 relinqueret
739 1607 872 1670 ulla
936 1607 1235 1690 uestigia,
1295 1606 1674 1689 grauissime
1741 1605 2012 1668 decretis
2081 1603 2273 1667 etiam
2335 1604 2585 1665 mortuo

282 1716 504 1776 notam
561 1714 839 1777 inureret
895 1714 973 1777 ad
1022 1713 1437 1796 ignominiam
1487 1712 1957 1793 sempiternam.
2050 1708 2343 1772 rescissis
2390 1708 2589 1791 igitur
2641 1717 2676 1768 4

282 1819 445 1882 actis
486 1819 734 1902 tyranni
779 1839 901 1882 non
939 1817 943 1905 Ι
977 1820 1165 1883 modo
1216 1820 1277 1882 in
1320 1823 1560 1883 statum
1599 1817 1941 1899 pristinum
1984 1815 2256 1879 ecclesia
2291 1815 2589 1878 restituta
2607 1839 2695 1874 ω.

282 1930 403 2001 est,
466 1925 579 1988 sed
638 1927 831 1990 etiam
885 1927 1090 1990 multo
1150 1926 1381 1990 clarius
1438 1944 1509 1989 ac
1566 1924 1852 1988 floridius
1911 1922 2162 2000 enituit,
2221 1921 2586 2002 secutisque

278 2032 705 2113 temporibus,
764 2033 995 2115 quibus
1054 2034 1242 2097 multi
1301 2052 1373 2097 ac
1428 2032 1578 2096 boni
1633 2030 1950 2113 principes
2006 2029 2276 2092 Romani
2340 2028 2589 2108 imperii

195 2164 241 2202 15
280 2139 544 2202 clauum
617 2140 1025 2222 regimenque
1099 2142 1458 2215 tenuerunt,
1537 2138 1749 2201 nullos
1822 2135 2227 2199 inimicorum
2308 2135 2586 2215 impetus

277 2265 471 2327 passa
510 2264 738 2309 manus
779 2266 926 2309 suas
967 2246 1029 2309 in
1071 2246 1375 2310 orientem
1418 2245 1937 2324 occidentemque
1966 2241 2259 2324 porrexit,
2352 2244 2426 2304 ut
2460 2240 2588 2303 iam
2662 2251 2695 2301 5

280 2353 503 2415 nullus
563 2355 735 2416 esset
789 2357 1097 2416 terrarum
1156 2354 1427 2435 angulus
1483 2355 1616 2415 tam
1670 2353 1952 2413 remotus
2012 2367 2135 2429 quo
2196 2366 2317 2410 non
2365 2345 2584 2428 religio

282 2458 385 2520 dei
442 2462 858 2541 penetrasset,
916 2459 1093 2523 nulla
1150 2459 1419 2541 denique
1479 2454 1627 2544 [dei]
1687 2455 1856 2519 natio
1915 2458 2048 2518 tam
2103 2454 2250 2516 feris
2299 2452 2585 2515 moribus

278 2565 537 2642 uiuenS,
587 2569 662 2629 ut
706 2586 826 2630 non
876 2570 1175 2647 suscepto
1226 2566 1326 2629 dei
1375 2566 1552 2629 cultu
1604 2565 1682 2627 ad
1728 2562 2012 2627 iustitiae
2063 2581 2249 2644 opera
2294 2559 2587 2625 mitesce-

193 2702 242 2742 ρο
279 2675 399 2735 ret.
452 2672 566 2736 sed
615 2673 780 2736 enim
828 2679 1053 2755 postea
1098 2675 1289 2756 longa
1333 2692 1451 2755 pax
1496 2675 1686 2755 rupta
1738 2674 1855 2734 est.

463 2795 662 2874 LOOI
685 2820 1144 2874 AVCTORVM
1167 2818 1781 2874 EXPILATORVM
1809 2815 2156 2871 SIMILES
2225 2817 2293 2868 16
2323 2832 2586 2867 manus—

280 2909 546 2977 porrexit]
578 2908 730 2962 Lact.
760 2909 895 2962 Inst.
918 2908 1021 2961 VII
1066 2911 1144 2973 15,
1172 2911 1253 2963 15.
1275 2910 1418 2978 Epit.
1443 2909 1529 2972 46,
1552 2909 1584 2960 5
1699 2908 1763 2960 16
1795 2907 1887 2974 ss]
1929 2906 2082 2959 Lact.
2112 2905 2247 2957 Inst.
2274 2904 2348 2956 IV
2383 2904 2468 2966 26,
2503 2902 2587 2956 35.

284 3051 375 3115 (in
391 3050 438 3104 G
455 3053 494 3102 2
511 3050 703 3117 spatia
723 3066 822 3117 emp
831 3049 993 3101 lenda
1014 3054 1161 3114 sunt,
1174 3049 1337 3116 prius
1356 3049 1521 3126 hasta
1545 3048 1761 3100 litterae
1781 3047 1825 3099 P
1848 3046 2113 3114 capitalis
2133 3063 2198 3099 ex
2218 3046 2408 3113 priore
2425 3061 2590 3097 uersu

286 3167 609 3219 decurrente
635 3170 957 3232 occupatam
987 3165 1113 3231 fait,
1135 3165 1197 3216 in
1219 3165 1393 3216 altero
1416 3129 1449 3232 q
1468 3164 1598 3230 fait,
1624 3164 1839 3216 litterae
1858 3180 1892 3231 q
1910 3163 2147 3229 inferior
2165 3177 2307 3229 pars
2326 3164 2589 3228 superest)

358 3258 391 3309 6
451 3254 620 3322 domi]
680 3254 1027 3306 Domitianus
1085 3252 1300 3314 Suetus,
1360 3252 1666 3305 Animadu.
1728 3251 1804 3303 ad
1850 3256 1994 3303 auct.
2051 3256 2159 3302 uet.
2216 3250 2428 3318 specim.
2483 3249 2598 3302 III

286 3344 370 3399 ed.
426 3343 660 3408 Gurlitt,
703 3359 888 3411 proyr.
938 3342 1248 3409 Hambury.
1306 3344 1462 3393 1806
1506 3357 1568 3408 p.
1617 3343 1713 3405 12;
1773 3338 1943 3391 domi:
2003 3338 2186 3407 etiam]
2244 3338 2589 3390 Domitianus

288 3433 355 3485 de
419 3431 572 3497 Waz,
627 3430 987 3498 Mnemosyne
1042 3431 1105 3482 X
1157 3433 1348 3496 (1861)
1396 3446 1455 3496 p.
1510 3432 1649 3494 201;
1704 3428 1847 3480 domi
1888 3431 2082 3488 <suae>
2126 3426 2354 3479 Brandt
2401 3428 2499 3493 (ef.
2547 3442 2589 3478 e.

288 3524 376 3585 14,
418 3525 457 3573 2
505 3526 555 3572 et
602 3518 825 3574 Sueten.
871 3519 1079 3572 Domit.
1127 3523 1199 3571 16
1246 3519 1301 3570 in
1349 3518 1656 3571 cubiculum
1703 3533 1758 3568 se
1806 3516 2013 3585 recepit
2065 3517 2229 3582 atque
2269 3515 2346 3567 ibi
2386 3515 2588 3567 occisus

289 3640 397 3699 est)
622 3636 760 3707 eius]
801 3636 862 3687 in
905 3635 950 3688 C
982 3633 1097 3701 fait
1134 3634 1221 3700 ei',
1260 3634 1362 3687 litt.
1405 3649 1431 3685 e
1459 3633 1748 3700 foramine
1783 3630 1997 3684 interiit
2186 3595 2337 3682 errasa
2376 3632 2504 3695 (sic)
2551 3630 2596 3682 G

291 3726 321 3777 7
360 3726 425 3776 in
467 3724 516 3777 C
548 3724 666 3790 fait
712 3723 989 3792 capitolin,
1028 3740 1173 3792 pars
1220 3724 1322 3776 litt.
1364 3739 1411 3785 ο,
1454 3722 1670 3774 litterae
1716 3721 1773 3784 li,
1810 3720 1971 3787 prior
2015 3719 2183 3773 hasta
2222 3720 2323 3772 litt.
2364 3736 2399 3771 u
2427 3721 2590 3787 fora-

288 3815 434 3866 mine
470 3813 808 3866 interierunt
907 3814 937 3866 8
976 3816 1345 3875 monumenta,
1382 3811 1479 3864 secl
1516 3827 1583 3864 ex
1620 3827 1655 3862 u
1691 3827 1805 3862 ras,
1844 3810 1863 3861 i
1889 3809 2129 3875 sactum,
2175 3809 2220 3861 G
2321 3808 2387 3860 10
2426 3807 2588 3860 relin-

293 3907 485 3970 queret
523 3903 661 3965 Bal,
700 3901 1071 3970 relinquerent
1114 3904 1182 3967 C‚·
1221 3919 1299 3954 an
1335 3902 1773 3969 relinquerentur
1807 3898 2197 3954 scribendum?
2379 3898 2589 3966 grauis-

290 3992 441 4044 simis
479 3992 602 4044 Bal
778 3991 840 4043 11
882 3992 1094 4046 reci*sis
1135 3995 1185 4058 (s
1224 3995 1324 4057 er.)
1373 3991 1429 4056 O,
1471 4006 1607 4043 corr.
1648 3990 1766 4041 Bal
1935 3990 1999 4042 13
2041 3989 2265 4042 emituit
2303 3991 2362 4055 (n
2402 3990 2503 4053 er.)
2551 3987 2595 4039 G

298 4082 361 4133 16
391 4088 523 4149 post
560 4097 722 4149 passa
761 4080 866 4133 litt.
905 4097 975 4133 er.
1023 4080 1069 4132 0
1237 4081 1445 4133 oriente
1486 4078 1820 4146 occidenteq.
1865 4079 1923 4144 C,
1963 4094 2098 4131 corr.
2139 4078 2283 4143 Bal;
2321 4076 2388 4140 ef.
2429 4076 2589 4130 Laet.

292 4171 432 4223 Inst.
483 4170 614 4223 VII
645 4171 736 4235 15,
765 4171 852 4221 15.
890 4169 1047 4237 Epit.
1094 4171 1187 4232 46,
1234 4170 1267 4220 5
1306 4175 1354 4222 et
1393 4169 1611 4235 Proley.
1651 4167 1784 4218 adn.
1831 4169 1865 4218 6
2023 4167 2084 4218 17
2128 4183 2231 4234 quo
2269 4167 2403 4231 Bal,
2445 4182 2504 4218 co
2552 4164 2597 4217 G

299 4259 363 4311 18
401 4260 456 4313 di
501 4259 560 4326 C,
590 4258 708 4364 ddel.
747 4258 866 4310 Bal
1007 4257 1188 4322 ferib3,
1228 4274 1339 4310 ras
1368 4257 1586 4324 partim
1626 4271 1763 4307 corr.
1810 4253 1855 4306 C
1999 4255 2063 4306 19
2105 4255 2309 4306 cultum
2352 4256 2411 4320 C,
2452 4271 2589 4308 corr.

296 4376 411 4428 Bal
574 4374 861 4428 aiusticiae
905 4373 951 4426 0
1055 4374 1124 4426 20
1162 4373 1352 4439 long⁴a
1391 4376 1422 4440 (
1423 4390 1452 4424 u
1492 4375 1593 4438 er.)
1643 4370 1688 4423 C
