3132 5043
1159 442 1369 495 liber
1414 459 1456 495 c.
1502 443 1727 496 18—20.
2458 446 2583 508 195

279 637 639 701 inualidum
688 655 849 714 esse,
897 636 1181 717 requiem
1243 640 1392 718 post
1446 637 1696 701 labores
1753 639 1985 718 petere,
2034 636 2369 717 imperium
2426 637 2584 701 uali-

281 743 570 808 dioribus
635 744 901 820 tradere,
969 744 1127 808 alios
1197 743 1494 809 Caesares
1563 745 1927 827 subrogare.
1998 764 2245 808 summa
2302 744 2581 808 omnium

279 850 658 932 expectatiO,
737 849 888 931 quid
957 845 1232 913 afferret.
1333 854 1485 913 tunc
1542 854 1800 933 repente
1855 850 2221 932 pronuntiat
2276 850 2580 915 Seuerum
2638 856 2671 906 4

279 962 339 1021 et
416 957 838 1021 Maximinum
915 955 1237 1021 Caesares.
1316 957 1751 1039 obstupefiunt
1826 976 2065 1020 omnes,
2144 957 2205 1019 in
2282 955 2584 1020 tribunali

219 1090 242 1126 5
282 1063 745 1129 Constantinus
795 1063 1088 1127 adstabat
1136 1083 1380 1127 susum.
1430 1064 1745 1128 haesitare
1781 1064 1948 1127 inter
1986 1082 2051 1126 se
2090 1083 2242 1126 num
2283 1063 2584 1128 Constan-

278 1171 397 1235 tini
445 1171 865 1235 immutatum
912 1189 1136 1234 nomen
1190 1174 1379 1247 esset,
1429 1190 1576 1234 cum
1623 1171 1687 1233 in
1736 1175 2079 1252 conspectu
2131 1172 2411 1234 omnium
2450 1172 2584 1235 Ma-

275 1278 599 1342 ximianus
648 1297 904 1341 manum
952 1281 1299 1342 retrorsum
1350 1278 1688 1341 extendens
1727 1278 2032 1360 protraxit
2068 1297 2103 1341 a
2140 1280 2318 1360 tergo
2359 1278 2578 1341 Daiam

281 1383 707 1450 Constantino
756 1386 1014 1467 repulso
1065 1389 1128 1449 et
1175 1389 1434 1448 exutum
1483 1389 1728 1448 uestem
1776 1386 2088 1467 priuatam
2138 1386 2474 1449 constituit
2520 1386 2581 1448 in

276 1492 587 1557 medium.
688 1493 903 1556 mirari
962 1512 1177 1556 omnes
1236 1492 1345 1573 qui
1403 1495 1595 1567 esset,
1652 1492 1819 1555 unde
1878 1496 2064 1558 esset.
2130 1511 2313 1555 nemo
2371 1495 2581 1555 tamen
2639 1498 2671 1549 5

196 1627 242 1662 ιο
277 1600 629 1662 reclamare
688 1616 882 1660 ausus
941 1601 1042 1661 est
1098 1596 1342 1660 cunctis
1399 1597 1757 1677 insperatae
1813 1597 2094 1661 nouitate
2150 1598 2240 1661 rei
2287 1598 2581 1662 turbatis.

278 1706 429 1768 huic
470 1723 822 1786 purpuram
860 1704 1297 1767 Diocletianus
1344 1703 1565 1766 iniecit
1611 1723 1793 1766 suam
1834 1723 1957 1785 qua
1996 1723 2062 1767 se
2103 1704 2293 1782 exuit,
2334 1709 2397 1768 et
2434 1704 2583 1768 Dio-

280 1813 408 1875 cles
470 1812 707 1875 iterum
764 1812 973 1874 factus
1032 1812 1148 1874 est.
1260 1813 1395 1873 tum
1459 1810 1882 1887 descenditur,
1941 1814 2005 1875 et
2058 1811 2208 1874 reda
2261 1830 2375 1891 per
2429 1811 2582 1875 ciui-
2639 1815 2672 1867 6

277 1921 482 1981 tatem
533 1921 872 1980 ueteranus
920 1937 1024 1979 rex
1071 1918 1237 1979 foras
1278 1920 1644 1998 exportatur
1680 1917 1742 1978 in
1782 1917 2177 1998 patriamque
2217 1917 2581 1994 dimittitur,

276 2025 435 2088 Daia
491 2043 642 2088 uero
694 2024 986 2087 sublatus
1036 2043 1236 2105 nuper
1283 2044 1317 2086 a
1361 2024 1700 2105 pecoribus
1751 2026 1815 2086 et
1862 2024 2066 2101 siluis,
2118 2024 2333 2087 statim
2375 2027 2581 2088 scuta-

199 2159 244 2198 15
276 2131 431 2208 riUS,
500 2130 800 2194 continuo
855 2134 1197 2211 protector,
1256 2149 1399 2193 mox
1454 2120 2136 2211 t1·ibunUS,'postridie
2187 2130 2434 2207 Caesar,
2484 2151 2583 2195 ac-

281 2237 452 2320 cepit
506 2235 826 2300 Orientem
881 2237 1254 2300 calcandum
1303 2239 1367 2299 et
1415 2236 1884 2313 conterendum,
1938 2237 2170 2319 quippe
2219 2239 2327 2318 qui
2381 2256 2582 2319 neque

279 2343 581 2407 milit-iam
642 2363 842 2425 neque
898 2362 1032 2406 rem
1087 2342 1407 2425 publicam
1467 2342 1676 2419 sciret,
1734 2343 1861 2406 iam
1917 2363 2036 2407 non
2094 2363 2413 2424 pecorum,
2473 2345 2583 2408 sed

280 2451 566 2514 militum
613 2453 847 2532 pastor.

370 2561 482 2624 20.
578 2557 1001 2621 Maximianus
1061 2560 1401 2638 postquam
1470 2558 1728 2621 senibus
1796 2557 2074 2638 expulsis
2143 2559 2314 2640 quod
2376 2559 2586 2622 uoluit
2643 2563 2668 2614 l

201 2696 247 2736 20
283 2666 516 2741 effecit,
575 2684 642 2728 se
698 2664 824 2727 iam
891 2663 1099 2727 solum
1167 2663 1370 2727 totius
1438 2664 1609 2727 orbis
1676 2663 2000 2727 dominum
2070 2661 2255 2750 [esse]
2322 2666 2581 2729 ferebat.

282 2792 424 2836 nam
488 2770 933 2836 Constantium
1003 2770 1296 2851 quamuis
1360 2770 1635 2851 priorem
1699 2770 2004 2834 nominari
2073 2775 2246 2834 esset
2298 2789 2580 2849 necesse,

285 2877 750 2952 contemnebat,
792 2876 960 2958 quod
1009 2880 1071 2940 et
1118 2879 1343 2940 natura
1389 2877 1563 2940 mitis
1605 2881 1778 2940 esset
1815 2879 1878 2940 et
1915 2877 2266 2940 ualitudine
2306 2878 2583 2960 corporis

283 2984 654 3065 impeditus
751 2984 920 3047 hunc
978 2983 1271 3065 sperabat
1316 2983 1496 3046 breui
1545 2983 1890 3060 obiturum,
1942 2987 2005 3047 et
2052 2989 2106 3047 si
2153 3004 2274 3048 non
2324 2984 2583 3061 obisset,
2641 2990 2673 3042 2

284 3091 388 3154 uel
445 3090 727 3153 inuitum
783 3109 1005 3153 exuere
1062 3090 1249 3153 facile
1298 3089 1654 3153 uidebatur.
1724 3090 1876 3171 quid
1926 3091 2091 3153 enim
2139 3092 2396 3164 faceret,
2446 3091 2500 3153 si
2550 3110 2586 3152 a

288 3386 439 3452 leius,
489 3386 1113 3439 ‘concio—conuocetur'
1161 3385 1341 3453 inquit
1412 3384 1569 3450 Gale,
1620 3385 1900 3453 consurgit
1970 3385 2201 3451 TolliuS,
2269 3385 2389 3438 infit
2446 3386 2588 3438 alter

291 3491 604 3544 anonymus
631 3491 691 3541 p.
739 3477 831 3539 70,
870 3473 1048 3541 inquit
1087 3474 1189 3526 del.
1228 3475 1533 3527 Heumann

356 3567 390 3617 2
428 3565 668 3617 omnium
704 3564 766 3615 in
810 3579 983 3631 marq.
1031 3563 1268 3616 clariore
1311 3564 1593 3631 scriptura
1628 3563 1928 3631 repetitum,
1971 3563 2014 3616 G
2155 3565 2190 3615 4
2235 3564 2584 3617 Maximinum

287 3651 418 3719 Bal,
447 3652 831 3704 maximianum
869 3652 915 3705 G
1019 3654 1051 3703 5
1074 3652 1336 3705 ‘asstabat
1370 3652 1416 3705 G
1531 3656 1676 3705 stare
1715 3653 1859 3705 inter
1896 3668 1952 3703 se
1992 3652 2139 3728 et'in
2176 3668 2344 3720 mary.
2388 3651 2584 3703 esitare

290 3740 429 3793 inter
467 3758 524 3793 se
556 3741 615 3807 0,
654 3741 800 3793 uncle
834 3740 1108 3793 haesitare
1138 3741 1467 3810 LeNourry,
1505 3742 1772 3795 sciscitari
1819 3741 1952 3806 Bal,
2001 3757 2274 3792 susurrare
2324 3741 2453 3805 (om.
2494 3757 2582 3792 su-

293 3833 433 3897 sum)
473 3829 742 3894 Bauldri,
783 3830 1086 3898 quaeritare
1123 3831 1489 3883 Bumema‘nn
1526 3830 1928 3882 constantinum
1962 3828 2019 3894 C,
2058 3845 2192 3882 corr.
2232 3829 2350 3881 Bal
2431 3830 2461 3881 6
2503 3845 2583 3881 es-

290 3935 346 3970 se
392 3918 451 3985 G,
491 3934 631 3971 corr.
672 3918 791 3971 Bal
897 3921 930 3972 8
969 3923 1186 3971 exutum
1225 3919 1342 3972 Bal
1380 3920 1469 3984 (in
1504 3919 1777 3985 Erratis),
1816 3921 1973 3971 exuto
2020 3917 2066 3969 C
2172 3919 2202 3969 9
2244 3934 2319 3970 an
2364 3917 2586 3971 medio?

295 4007 359 4072 cf.
398 4007 615 4074 Proley.
657 4007 790 4059 adn.
838 4010 873 4059 6
1056 4008 1122 4060 10
1159 4008 1422 4075 inspirate
1465 4009 1519 4071 C,
1561 4023 1697 4060 corr.
1737 4007 1856 4059 Bal
1999 4007 2298 4058 nouitatem
2347 4006 2405 4072 C,
2444 4022 2583 4059 corr.

294 4094 407 4147 Bal
546 4097 611 4150 15
651 4096 967 4164 posttridie
1004 4095 1051 4148 0
1181 4097 1249 4149 20
1289 4096 1467 4149 effecit
1510 4096 1821 4161 ColumbuS,
1857 4095 1983 4148 item
2020 4095 2307 4147 Bentleius
2345 4095 2583 4160 (Bueree-

296 4199 463 4236 ma‘nn
499 4185 714 4251 confert
749 4184 910 4237 Lact.
942 4186 1084 4238 Inst.
1131 4185 1217 4237 VI
1246 4188 1462 4251 14,.‘10.
1502 4188 1592 4251 15,
1631 4188 1749 4251 17),
1790 4187 1845 4236 et
1881 4184 2014 4237 fecit
2057 4184 2102 4236 C
2328 4199 2442 4236 esse
2483 4183 2582 4235 del.

305 4270 593 4325 Columbus
736 4273 949 4325 ferebat
986 4274 1119 4339 Bal,
1158 4274 1431 4327 ferebatur
1475 4273 1544 4340 C;
1583 4290 1698 4326 esse
1736 4273 1957 4326 rebatur
1994 4272 2243 4325 Bauldri
2384 4270 2453 4325 23
2500 4272 2582 4323 iu·

298 4358 507 4426 peditus
556 4361 601 4413 C
746 4361 952 4414 obisset
989 4362 1121 4429 Bal,
1159 4362 1405 4415 nouisset
1456 4362 1498 4413 C
