3132 5043
535 417 753 483 XVIII
1397 412 1982 481 Prolegomena.

630 612 719 675 Ex
766 608 1147 675 coniecturis
1194 607 1523 672 hominum
1572 607 1903 670 doctorum
1950 624 2054 669 eas
2105 624 2320 670 omnes
2378 604 2831 686 descripsimus

540 738 808 801 quarum
862 717 1021 781 ratio
1083 715 1296 797 aliqua
1349 713 1637 779 habenda
1691 732 1833 777 esse
1887 713 2230 789 uideretur,
2276 712 2358 775 iis
2414 717 2623 777 autem
2674 731 2833 794 quae

541 845 763 909 parum
802 822 1160 907 probabiles
1201 824 1435 898 essent,
1476 821 1661 886 cuius
1709 819 1956 904 generis
1995 819 2231 884 multas
2268 818 2530 882 Bauldri
2565 819 2834 883 maxime

539 933 600 996 in
668 930 1012 996 editionem
1079 948 1260 993 suam
1329 928 1676 1012 congessit,
1724 927 1939 991 locum
1985 946 2107 992 non
2158 926 2611 991 concessimus,
2659 925 2830 989 Indi-

541 1038 827 1104 cauimus
875 1040 1087 1101 tamen
1134 1035 1247 1099 ubi
1292 1034 1557 1100 inueniri
1607 1036 1889 1117 possent.

630 1143 1080 1225 Quaestionem
1124 1143 1253 1206 iam
1297 1143 1488 1224 paulo
1536 1145 1684 1225 post
1716 1139 2143 1206 inuentionem
2194 1138 2431 1203 codicis
2479 1143 2718 1203 motam
2756 1158 2828 1204 ac
2935 1146 2940 1149 ’

539 1273 617 1318 ne
690 1271 856 1316 nunc
934 1250 1190 1334 quidem
1258 1250 1414 1314 satis
1482 1249 1860 1332 expeditam,
1924 1248 2086 1312 liber
2146 1246 2455 1312 Mortium
2519 1249 2733 1310 utrum
2797 1267 2835 1311 a

539 1358 893 1434 Lactantio,
944 1357 1047 1421 cui
1093 1356 1396 1421 Baluzius
1455 1356 1786 1429 tribuerat,
1837 1374 1912 1417 an
1962 1355 2038 1418 ab
2088 1354 2211 1419 alio
2270 1354 2597 1436 scriptore,
2646 1354 2829 1418 cuius

541 1465 889 1531 sententiae
955 1463 1200 1546 primus
1248 1466 1469 1528 auctor
1511 1463 1600 1526 Le
1620 1462 1871 1545 Nourry
1917 1462 2145 1538 extitit,
2196 1464 2367 1525 esset
2415 1460 2830 1544 compositus,

538 1591 660 1638 non
708 1591 847 1637 esse
893 1571 1087 1635 huius
1133 1570 1261 1635 loci
1308 1572 1578 1635 tractare
1625 1569 1808 1633 nobis
1855 1568 2071 1632 uisum
2120 1570 2237 1633 est.
2261 1567 2314 1651 6)

540 1760 741 1825 (Berol.
795 1760 955 1826 1895)
1007 1777 1059 1829 p.
1112 1760 1219 1814 434
1268 1759 1361 1824 (ad
1410 1778 1463 1829 p.
1515 1762 1604 1822 44,
1656 1760 1762 1825 17),
1811 1775 1917 1828 quo
1964 1760 2084 1813 loco
2133 1759 2300 1812 etiam
2345 1759 2552 1812 Aurelii
2595 1759 2832 1813 Victoris

540 1849 798 1904 Caesares
838 1853 894 1902 et
930 1848 1214 1918 Epitomen
1266 1848 1355 1914 (de
1392 1848 1495 1902 hac
1533 1849 1701 1902 etiam
1739 1867 1790 1917 p.
1827 1849 1934 1902 432
1974 1847 2042 1901 ad
2079 1865 2130 1917 p.
2168 1847 2256 1915 38,
2294 1848 2366 1916 9),
2413 1851 2693 1917 praeterea
2729 1849 2829 1901 Zo-

539 1939 731 1991 simum
791 1941 1190 1991 commemorat.
1247 1938 1451 1990 Horum
1508 1938 1830 2007 scriptorum
1883 1940 2069 1991 tamen
2123 1938 2272 1992 locos
2329 1941 2392 1990 ut
2443 1938 2667 1990 aliorum
2721 1937 2828 1990 iam

541 2026 794 2079 Baluzius
833 2026 1111 2079 attulerat.

613 2112 655 2181 ⁶)
675 2115 753 2168 Ut
787 2113 891 2166 hoc
927 2113 1047 2167 loco
1085 2129 1258 2183 pauca
1293 2130 1388 2182 pro
1424 2130 1510 2167 me
1548 2114 1666 2184 ipse
1705 2113 1895 2178 dicam,
1935 2131 2025 2168 eos
2065 2114 2157 2184 qui
2193 2114 2390 2168 librum
2427 2114 2684 2168 Mortium
2721 2131 2829 2166 non

542 2219 658 2255 esse
696 2219 727 2254 a
765 2202 1051 2256 Lactantio
1092 2203 1451 2271 conscriptum
1494 2204 1876 2257 existimabant
1914 2208 2131 2257 secutus
2158 2203 2514 2257 defendebam
2541 2204 2681 2257 hanc
2709 2218 2829 2254 sen-

537 2291 770 2344 tentiam
809 2290 1294 2359 confirmabamque
1333 2291 1391 2344 in
1429 2291 1799 2361 disputatione
1825 2293 2087 2361 inscripta
2124 2292 2296 2346 Ueber
2322 2293 2409 2345 die
2430 2291 2830 2359 Entstehunys-

536 2380 895 2433 verhdltnisse
931 2380 1026 2433 der
1062 2380 1510 2447 Prosaschriften
1549 2381 1641 2434 des
1675 2382 2019 2434 Lactantius
2053 2382 2175 2434 und
2211 2383 2303 2434 des
2329 2382 2546 2434 Buches
2571 2382 2660 2434 De
2687 2396 2829 2433 mor-

540 2469 686 2523 tibus
712 2474 1138 2538 persecutorum,
1179 2469 1674 2539 Sitzunqsberichte
1702 2470 1754 2525 d.
1782 2470 1860 2524 K.
1890 2471 2078 2525 Akad.
2111 2471 2162 2527 d.
2201 2470 2526 2526 Wissensch.
2555 2471 2619 2523 in
2654 2468 2831 2530 Wieu,

538 2558 847 2613 Phia-hist.
891 2558 993 2621 01„
1033 2560 1140 2614 uol.
1180 2559 1371 2614 CXXV
1408 2559 1538 2614 fasc.
1577 2560 1655 2613 VI
1693 2560 1879 2629 (1891)
1919 2578 1968 2629 p.
2009 2562 2077 2614 22
2105 2578 2194 2624 ss.‚
2226 2561 2364 2615 etin
2397 2561 2569 2614 altera
2603 2560 2831 2613 maxime

540 2651 727 2700 contra
761 2646 1039 2700 Belserum
1082 2646 1281 2711 (Ueber
1319 2647 1425 2701 den
1471 2648 1757 2714 Versae-ser
1794 2649 1885 2702 des
1922 2649 2140 2703 Buches
2178 2650 2243 2702 de
2278 2649 2545 2705 mortibus
2578 2664 2831 2717 persecu-

541 2741 734 2798 torum,
774 2735 961 2788 Theol.
1000 2734 1439 2804 Quartalschrift
1480 2737 1618 2790 1892
1656 2757 1709 2809 p.
1747 2739 1852 2792 246
1891 2756 1960 2791 ss.
1998 2740 2104 2792 439
2144 2744 2237 2806 ss.)
2275 2740 2477 2808 scripta
2522 2738 2692 2793 Ueber
2728 2737 2834 2790 den

549 2823 832 2891 Verfasser
869 2823 963 2877 des
988 2823 1204 2877 Buches
1232 2825 1318 2878 De
1353 2826 1618 2879 mortibus
1643 2832 2070 2895 persecutorum,
2094 2827 2328 2881 Jahrbb.
2357 2830 2399 2892 f.
2432 2828 2593 2882 class,
2619 2827 2831 2881 Philol.

539 2912 646 2965 uol.
684 2913 782 2965 147
817 2912 1001 2979 (1893)
1033 2930 1083 2980 p.
1117 2913 1214 2966 121
1248 2930 1319 2966 ss,
1341 2914 1446 2968 203
1478 2932 1572 2978 ss.;
1603 2914 1704 2968 hac
1733 2917 1789 2969 in
1819 2916 2187 2985 disputatione
2217 2917 2290 2987 (p.
2318 2919 2439 2984 121)
2465 2917 2628 2970 etiam
2655 2914 2830 2968 nomi-

539 2999 669 3053 naui
686 3018 776 3055 eos
794 3000 938 3053 uiros
960 3000 1148 3054 doctos
1172 3002 1262 3069 qui
1278 3003 1514 3055 rationes
1535 3020 1685 3056 meas
1704 3005 1757 3056 in
1781 3005 1958 3073 priore
1981 3005 2078 3057 illa
2095 3006 2333 3074 prolatas
2356 3009 2451 3058 aut
2470 3005 2836 3074 probauerant

541 3093 637 3143 aut
672 3090 1127 3158 improbauerunt.
1167 3090 1382 3157 Postea,
1423 3095 1687 3159 quantum
1725 3093 1852 3160 sci0‚
1890 3094 2024 3146 mihi
2065 3095 2270 3147 assensi
2320 3099 2447 3147 sunt
2487 3093 2547 3148 O.
2587 3092 2831 3146 Barden-

539 3178 735 3243 hewer,
782 3179 1103 3246 Patroloyie
1146 3179 1423 3248 (Friburgi
1472 3181 1632 3246 1894)
1687 3201 1736 3251 p.
1785 3183 1908 3246 212,
1958 3186 2012 3236 et
2060 3188 2199 3252 Aug.
2238 3184 2480 3237 Mancini
2516 3184 2573 3236 in
2612 3198 2834 3236 censura

541 3266 934 3335 disputationis
982 3267 1347 3332 Belserianae,
1396 3268 1564 3322 Stude·
1607 3271 1798 3324 storici
1840 3272 1947 3324 uol.
1996 3272 2051 3325 II
2098 3273 2283 3341 (1893)
2321 3290 2372 3341 p.
2416 3273 2516 3327 105
2556 3289 2643 3335 se„
2684 3275 2740 3325 et
2775 3272 2833 3324 in

541 3372 765 3408 censura
815 3355 939 3408 libri
994 3372 1026 3408 a
1077 3355 1301 3410 Seeckio
1357 3358 1644 3427 compositi
1697 3360 1785 3428 qui
1839 3377 1960 3413 mox
2011 3361 2396 3427 nominabitur,
2446 3361 2577 3415 ibid.
2629 3360 2736 3414 uol.
2785 3359 2836 3409 V

542 3444 726 3511 (1896)
766 3462 816 3513 p.
854 3446 957 3498 266
998 3461 1086 3508 se„
1127 3445 1400 3500 aduersati
1449 3450 1630 3500 autem
1672 3447 1734 3503 G.
1773 3450 2000 3519 Kriiger‚
2057 3450 2371 3505 Geschichte
2408 3451 2503 3504 der
2541 3449 2836 3504 altchristl.

538 3532 854 3586 Litteratur
897 3533 935 3585 i.
986 3533 1037 3586 d.
1087 3539 1262 3587 ersten
1310 3535 1427 3588 ἄνεί
1469 3535 1671 3590 Jahrh.
1722 3538 1996 3608 (Friburgi
2045 3543 2100 3592 et
2145 3539 2361 3609 Lipsiae
2413 3538 2571 3608 1895)
2619 3557 2670 3608 p.
2714 3539 2836 3600 197,

543 3619 605 3674 Ο.
648 3620 833 3684 Seeck,
879 3620 1195 3676 Geschichte
1242 3623 1335 3676 des
1380 3623 1754 3694 Unteryanyes
1801 3627 1897 3679 der
1944 3628 2171 3681 antiken
2215 3627 2375 3691 Welt‚
2416 3629 2524 3681 uol.
2563 3629 2590 3681 Ι
2632 3626 2838 3688 (Berol.

545 3709 704 3779 1895)
750 3708 1046 3778 Appendic.
1096 3727 1146 3778 p.
1198 3712 1301 3765 426
1341 3730 1430 3775 se„
1466 3713 1537 3766 M.
1581 3714 1803 3779 Schanz,
1850 3715 2163 3770 Geschichte
2200 3718 2296 3771 der
2329 3723 2464 3771 ro‘m.
2502 3716 2838 3777 Litteratur,

540 3797 649 3851 uol.
688 3797 775 3850 III
815 3798 998 3865 (1896)
1040 3816 1090 3868 p.
1130 3800 1237 3853 378
1276 3817 1375 3865 ss.;
1423 3802 1517 3855 alii
1566 3803 1786 3871 quidam
1832 3821 1942 3857 rem
1992 3808 2048 3859 in
2095 3806 2272 3860 medio
2322 3807 2651 3875 relinquunt.
2694 3803 2835 3858 Con-

541 3885 671 3939 cedo
722 3887 867 3955 quod
913 3904 1040 3941 uere
1088 3889 1378 3943 concedere
1425 3908 1662 3959 possum,
1712 3894 1977 3963 quaedam
2027 3913 2088 3949 ex
2136 3897 2468 3965 argumentis
2509 3913 2540 3949 a
2575 3911 2661 3948 me
2708 3910 2835 3963 pro-

540 3975 734 4044 positis
773 3992 959 4045 parum
1002 3980 1150 4031 certa
1187 3994 1327 4032 esse:
1368 3979 1539 4033 nihilo
1578 3983 1754 4035 minus
1783 3983 1903 4053 ipsa
1932 3986 2083 4053 origo
2115 3988 2170 4038 et
2199 3985 2324 4039 libri
2355 3987 2411 4039 et
2440 3983 2839 4038 coniunctionis

540 4064 649 4116 iam
687 4064 1003 4133 Hieronymi
1043 4069 1224 4120 aetate
1270 4068 1414 4122 inter
1459 4069 1612 4122 illum
1663 4075 1718 4124 et
1763 4089 1959 4127 nomen
1996 4074 2271 4128 Lactantii
2307 4073 2486 4128 factae
2525 4075 2842 4127 etiamnunc

543 4151 875 4205 obscuritate
916 4153 1146 4221 quadam
1182 4156 1318 4209 mihi
1354 4158 1605 4212 inuoluta
1641 4159 1859 4215 uidetur
1896 4165 2062 4232 atque
2102 4164 2411 4217 etiamnunc
2450 4164 2694 4216 existimo
2735 4162 2838 4215 ali-

544 4257 701 4309 quem
741 4257 769 4293 e
807 4241 1081 4295 Lactantii
1120 4243 1406 4314 disciplina
1443 4248 1532 4299 uel
1571 4251 1634 4302 ut
1661 4249 1740 4303 ita
1770 4251 1940 4305 dicam
1970 4270 2031 4307 ex
2062 4253 2175 4306 eius
2206 4253 2363 4307 domo
2397 4269 2511 4306 esse
2542 4256 2836 4305 auctorem.

543 4328 617 4383 Ut
656 4333 865 4383 ceterae
903 4347 1004 4394 reS‚
1045 4332 1123 4385 ita
1163 4332 1400 4386 rationes
1448 4334 1755 4391 litterarum
1800 4339 2169 4412 librorumque
2218 4342 2414 4396 aetatis
2460 4342 2608 4395 illius
2648 4329 2841 4409 saepe-⁴
