3132 5043
1090 451 1476 506 nominum
1533 456 1608 506 et
1662 468 1924 506 rerum.
2546 457 2678 521 355

391 646 620 699 Titanas
658 645 685 699 Ι
721 646 808 709 48,
858 646 908 699 7.
958 648 1145 699 contra
1183 644 1405 698 Titanas
1444 645 1470 698 Ι

392 735 479 798 85,
520 736 630 803 20.]
672 735 880 788 nomin.
914 734 1066 801 plur.
1096 733 1281 786 Titani
1316 733 1345 786 Ι
1383 734 1468 796 54,

395 824 478 876 11.
532 823 774 892 [Titania
822 825 971 876 astra
1013 823 1041 876 Ι
1092 824 1176 887 15,
1213 823 1287 891 9.]

322 911 468 981 Tityi
504 912 693 965 uultur
727 911 755 965 1
793 912 917 983 651,
955 912 1041 967 22.

320 1001 481 1054 tolles
498 1001 678 1067 (codd.
712 1000 899 1067 colles)
929 999 1163 1065 faucium
1192 1000 1248 1053 11
1276 1000 1362 1063 40,
1386 1000 1469 1052 12.

318 1089 543 1143 traditio
582 1106 714 1145 uera
749 1089 777 1142 I
814 1090 937 1153 396,
977 1090 1026 1143 2.
1065 1090 1190 1153 407,
1227 1091 1277 1143 4.

318 1178 607 1247 tragoedia
627 1178 654 1230 I
676 1180 796 1244 742,
824 1180 909 1232 15.
939 1179 1182 1247 tragicae
1210 1178 1473 1233 historiae

392 1266 420 1319 I
456 1267 582 1330 560,
622 1267 672 1321 8.

328 1354 593 1409 Traianus
630 1355 686 1409 H
723 1356 780 1408 M
820 1356 940 1419 192,
981 1356 1063 1412 10.
1107 1356 1224 1416 199,
1267 1355 1350 1409 10.

322 1443 459 1497 Tran
468 1443 807 1498 sdanuuiana
835 1447 954 1497 erat
973 1446 1148 1497 mater
1165 1444 1474 1497 Maximiani

399 1529 646 1599 (Galerii)
683 1532 740 1585 Π
774 1532 831 1586 Μ
872 1532 1080 1597 183,.1.

322 1619 485 1673 Troia
522 1620 551 1673 Ι
592 1620 675 1685 10,
716 1621 799 1676 10.
852 1621 963 1688 [21,
1015 1622 1122 1691 13.]
1167 1622 1254 1684 33,
1294 1621 1341 1674 7.
1386 1619 1476 1689 [ab

397 1707 605 1761 excidio
645 1709 908 1762 Troianae
947 1710 1095 1763 urbis
1145 1709 1479 1778 colliguntur

397 1798 524 1851 anni
575 1796 959 1863 MCCCCLXX
1010 1799 1038 1852 Ι
1088 1800 1173 1862 93,
1225 1795 1307 1853 15.
1356 1798 1474 1862 691,

397 1887 471 1955 2.]
511 1886 697 1940 Dauid
725 1886 988 1941 Troianae
1024 1888 1173 1943 urbis
1213 1886 1477 1940 excidium

397 1974 639 2030 CXXXX
677 1977 831 2029 annis
861 1977 1156 2030 antecessit
1181 1977 1210 2030 Ι
1237 1977 1360 2040 297,
1391 1977 1476 2029 22.

398 2064 633 2117 Troiana
688 2081 823 2134 gens
868 2065 896 2119 1
935 2067 1058 2131 634,
1116 2066 1201 2122 20.
1259 2064 1479 2118 Troiani

394 2153 530 2208 belli
576 2156 822 2223 tempora
867 2154 1051 2207 Dauid
1108 2159 1164 2209 et
1222 2154 1478 2207 Solomon

399 2240 637 2295 CLXXX
674 2243 828 2296 annis
867 2247 1275 2297 antecesserunt
1301 2244 1328 2296 I
1357 2244 1476 2308 713,

399 2331 484 2384 16.
541 2331 755 2400 Moyses
810 2330 1045 2387 DCCCC
1096 2332 1209 2386 fere
1261 2333 1415 2386 annis
1452 2333 1479 2385 I

396 2420 522 2478 284,
582 2422 667 2473 24.
733 2420 964 2474 Troiano
1032 2421 1266 2488 (Troico)
1333 2421 1476 2486 bello

397 2508 675 2577 antiquior
724 2509 889 2564 Belus
940 2510 968 2564 Ι
1019 2511 1103 2576 93,
1154 2513 1205 2565 4.
1257 2512 1379 2575 691,
1432 2513 1475 2563 l.

395 2597 632 2650 Troiano
699 2599 841 2652 bello
899 2600 1220 2670 Euphorbus
1274 2600 1302 2653 I
1358 2601 1476 2663 707,

399 2687 483 2740 13.
535 2686 783 2740 Troicum
829 2688 1033 2742 bellum
1084 2689 1150 2742 ab
1188 2690 1477 2758 Agamem-

396 2792 541 2828 none
581 2779 796 2843 gestum
832 2777 859 2829 I
897 2778 982 2841 93,
1022 2777 1073 2835 8.
1120 2778 1300 2832 Troici
1345 2778 1479 2831 belli

399 2864 740 2933 temporibus
762 2866 969 2935 Sibylla
988 2867 1284 2936 Erythraea
1301 2867 1329 2920 1
1356 2868 1477 2932 680,

396 2953 445 3006 8.
489 2953 567 3023 [in
604 2970 734 3022 agro
774 2954 1003 3008 Troiano
1040 2955 1068 3008 I
1099 2957 1182 3019 22,
1219 2957 1299 3009 12.
1327 2956 1478 3009 Troi-

397 3060 500 3096 ano
544 3058 576 3094 a
613 3042 876 3110 sanguine
914 3043 942 3097 Ι
985 3045 1101 3108 171,
1142 3045 1251 3114 11.]

327 3131 640 3201 Triphylius
677 3130 926 3200 Iuppiter
960 3131 987 3184 1
1025 3133 1111 3195 42,
1151 3134 1201 3188 6.

327 3220 716 3288 Trismegistus
757 3220 822 3272 cf.
861 3220 1102 3274 Hermes,

326 3309 589 3362 Tuditani
625 3309 838 3361 insania
872 3309 900 3362 Ι
938 3311 1059 3376 253,
1099 3314 1147 3366 6.

325 3399 539 3452 Marcus
561 3397 771 3450 Tullius
793 3397 978 3453 Cicero
1002 3402 1259 3469 augurale
1287 3401 1481 3455 habuit

401 3486 765 3547 sacerdotium
822 3487 850 3540 I
905 3489 990 3552 58,
1048 3490 1097 3541 7.
1149 3491 1478 3559 amplissimo

398 3576 707 3653 sacerdotio
756 3576 1035 3644 praeditus
1072 3578 1099 3630 I
1137 3581 1223 3645 64,
1275 3581 1355 3636 10.
1397 3599 1480 3635 sa·

403 3663 594 3718 cerdos
621 3665 649 3718 Ι
680 3664 800 3728 688,
843 3666 924 3719 15.
967 3666 1151 3724 Cicero
1191 3672 1248 3722 et
1286 3670 1482 3726 Caesar

402 3755 430 3808 I
467 3756 591 3818 239,
644 3755 694 3807 4.
748 3756 1070 3824 proscriptio
1127 3758 1480 3813 triumuiralis

403 3859 525 3896 eum
566 3843 796 3896 abstulit
822 3843 850 3897 1
883 3844 1000 3908 114,
1040 3846 1089 3898 2.
1132 3846 1244 3900 eius
1283 3848 1480 3901 tristis-

401 3932 570 3984 simus
593 3945 772 3985 casus:
795 3933 841 3985 si
859 3934 1180 4001 patientiam
1197 3937 1480 4001 tenuisset,

400 4037 694 4089 numquam
735 4023 909 4091 capite
948 4040 1042 4076 suo
1082 4028 1258 4078 rostra
1297 4042 1482 4079 cruen-

403 4112 578 4163 tasset
604 4110 632 4164 Ι
661 4112 781 4175 551,
825 4112 907 4165 19.
949 4113 1092 4178 (104,
1132 4114 1205 4179 8.)
1248 4116 1481 4183 optimus

407 4199 541 4251 ciuis
581 4199 607 4252 Ι
645 4200 767 4264 239,
806 4202 856 4253 4.
898 4231 965 4240 —
1006 4203 1089 4255 uir
1124 4204 1331 4272 ingenii
1369 4205 1481 4258 sin-

404 4288 608 4356 gularis
654 4289 710 4342 11
757 4292 807 4352 6,
853 4291 902 4345 9.
941 4292 1216 4346 Romanae
1262 4294 1482 4361 linguae
1524 4315 1529 4319 ·

406 4393 644 4431 summus
675 4382 860 4432 auctor
887 4380 914 4432 I
944 4381 1064 4447 213,
1095 4383 1180 4435 21.
1225 4384 1481 4437 ‘orator'

1598 644 1626 698 Ι
1664 646 1751 708 31,
1793 645 1876 699 18.
1918 645 2142 698 eximius
2181 649 2365 700 orator
2400 647 2427 699 I
2465 646 2585 710 581,
2626 648 2679 700 3.

1598 733 1872 802 perfectus
1925 737 2103 787 orator
2152 735 2180 788 I
2231 736 2318 797 58,
2359 736 2407 789 3.
2462 737 2585 794 217,
2627 736 2678 788 3.

1597 823 1654 875 in
1694 840 1755 876 eo
1794 823 2086 893 praecipua
2125 827 2179 877 et
2209 823 2542 881 admirabilis
2572 823 2684 876 fuit

1601 911 1911 981 eloquentia
1965 911 1993 964 I
2051 911 2172 973 177,
2230 913 2276 965 7.
2336 913 2682 981 eloquentiae

1600 1001 1818 1054 unicum
1858 1000 2128 1069 exemplar
2156 1000 2212 1052 11
2240 1002 2325 1064 64,
2356 1002 2404 1055 3.
2446 1001 2530 1053 uir
2568 1001 2682 1054 elo-

1603 1090 1986 1159 quentissimus
2016 1089 2044 1142 Ι
2073 1089 2195 1152 215,
2228 1089 2274 1142 1.
2303 1089 2465 1143 1101110
2507 1089 2676 1142 diser-

1600 1179 1845 1232 tissimus
1903 1178 1958 1231 11
2012 1179 2064 1242 6,
2122 1179 2206 1233 20.
2265 1182 2327 1231 ut
2390 1178 2448 1231 in
2505 1178 2684 1231 causis

1603 1265 1779 1321 facere
1806 1266 2036 1329 solebat,
2057 1266 2483 1335 interrogatione
2504 1266 2686 1318 uoluit

1603 1372 1831 1423 urguere
1876 1355 1904 1408 I
1951 1356 2072 1418 215,
2120 1355 2171 1408 8.
2217 1372 2365 1408 more
2406 1353 2684 1410 Ciceronis

1604 1444 1687 1496 uti
1726 1444 1941 1513 epilogo
1983 1444 2051 1497 ad
2088 1443 2444 1513 perorandum
2472 1444 2528 1496 11
2559 1444 2680 1505 123,

1606 1534 1653 1587 7.
1694 1532 1762 1587 ab
1818 1532 2055 1586 indoctis
2113 1536 2169 1585 et
2221 1532 2682 1601 ineloquentibuS,

1607 1622 1735 1692 quia
1789 1639 1885 1691 pro
1942 1639 2069 1676 uero
2134 1620 2463 1684 nitebantur,
2520 1637 2680 1690 saepe

1607 1714 1892 1781 superatus
1937 1710 1994 1763 II
2048 1711 2132 1775 64,
2191 1711 2239 1765 3.
2296 1727 2457 1780 saepe
2511 1709 2686 1762 malas

1608 1817 1794 1853 causas
1833 1799 2051 1868 copiose
2090 1816 2151 1853 ac
2188 1798 2405 1852 fortiter
2441 1797 2690 1851 defendit

1606 1888 1634 1941 Ι
1677 1890 1794 1952 104,
1823 1889 1874 1944 4.
1916 1888 2160 1955 caninam
2197 1886 2504 1941 facundiam
2535 1902 2683 1940 exer-

1609 1977 1772 2032 cuitI
1800 1978 1923 2044 551,
1965 1978 2047 2032 13.
2086 1976 2155 2030 ad
2193 1993 2314 2030 eum
2353 1975 2520 2029 Siculi
2559 1992 2685 2027 con-

1606 2067 1867 2136 fugerunt
1915 2066 1951 2127 Ι
2011 2067 2130 2130 113,
2188 2066 2239 2119 2.
2295 2066 2345 2119 9.
2404 2066 2688 2117 accusator

1606 2156 1790 2210 Verris
1844 2156 1872 2209 Ι
1930 2156 2050 2219 112,
2118 2156 2164 2208 7.
2233 2154 2347 2207 eius
2413 2151 2689 2205 industria

1605 2244 1798 2297 Verres
1846 2242 2130 2296 damnatus
2175 2241 2203 2295 1
2243 2242 2361 2304 113,
2404 2242 2470 2294 14
2507 2257 2548 2292 s.
2590 2238 2684 2291 de-

1605 2332 1847 2402 plorauit
1897 2332 1964 2385 de
2017 2332 2209 2386 Cerere
2260 2330 2349 2384 uel
2401 2328 2689 2383 Catinensi

1605 2421 1696 2474 uel
1750 2421 2031 2474 Hennensi
2086 2419 2114 2473 1
2173 2420 2290 2482 112,
2351 2419 2434 2472 12.
2483 2417 2684 2470 stultus

1608 2511 1700 2580 qui
1755 2510 1910 2563 Verri
1964 2508 2230 2562 adulteria
2286 2507 2487 2561 obiecit
2530 2505 2558 2559 1
2595 2507 2683 2568 36,

1611 2600 1692 2654 10.
1724 2599 2023 2653 Gauianam
2053 2614 2261 2651 crucem
2288 2598 2541 2649 uniuersa
2571 2595 2684 2647 elo-

1609 2689 1832 2759 quentia
1870 2705 1968 2742 sua
2017 2690 2334 2756 prosecutus
2376 2687 2458 2738 est
2494 2684 2522 2737 Ι
2560 2684 2684 2747 350,

1612 2780 1694 2833 19.
1731 2777 2069 2846 Philippicae
2107 2776 2134 2828 I
2175 2775 2294 2839 104,
2335 2776 2383 2828 9.
2421 2773 2546 2826 illas
2584 2789 2681 2825 no·

1606 2867 1744 2920 biles
1800 2866 2075 2919 orationes
2130 2865 2318 2918 alieno
2372 2863 2534 2916 titulo
2600 2862 2682 2913 in-

1608 2957 1836 3026 scriptas
1888 2954 2222 3024 inpatientia
2274 2956 2329 3006 et
2376 2953 2575 3006 leuitas
2630 2954 2689 3004 tt

1606 3045 1816 3098 insania
1851 3044 2096 3114 profudit
2132 3043 2159 3095 I
2197 3043 2316 3106 551,
2358 3042 2442 3108 21.
2490 3044 2683 3110 poten-

1605 3135 1876 3188 tissimum
1932 3134 2207 3187 consulem
2252 3131 2554 3185 maledictis
2600 3130 2682 3183 in·
2745 3160 2749 3166 ·

1608 3225 1771 3278 cessit
1809 3239 2038 3291 eumque
2085 3223 2297 3275 hostem
2344 3220 2552 3289 patriae
2590 3236 2684 3271 ue-

1606 3313 1823 3366 nenatis
1863 3312 2200 3365 orationibus
2238 3311 2369 3364 fecit
2404 3310 2432 3363 I
2470 3309 2591 3372 218,
2632 3309 2681 3362 8.

1609 3402 1675 3456 ob
1731 3401 2023 3454 maledicta
2075 3403 2318 3453 mortuus
2376 3401 2460 3452 est
2495 3398 2523 3451 I
2565 3398 2685 3460 104,

1611 3491 1660 3546 8.
1719 3491 1863 3555 (239,
1920 3491 1993 3555 4.)
2039 3519 2100 3526 -
2142 3488 2413 3558 perfectus
2468 3487 2684 3556 philo-

1609 3579 1858 3648 sophus
1907 3578 1935 3631 I
1988 3577 2073 3641 58,
2125 3578 2175 3631 3.
2228 3594 2467 3630 summus
2506 3577 2683 3646 philo-

1610 3668 1808 3737 sophus
1855 3668 1881 3720 1
1929 3668 2050 3730 217,
2100 3667 2148 3722 3.
2196 3666 2468 3719 Romanae
2506 3666 2688 3734 philo?

1609 3757 1830 3825 sophiae
1885 3757 2132 3826 princeps
2187 3756 2216 3809 Ι
2272 3756 2357 3818 64,
2424 3757 2472 3812 9.
2540 3755 2685 3825 quod

1609 3847 1832 3916 adsequi
1882 3846 2056 3899 ualuit
2106 3846 2341 3899 humana
2396 3847 2683 3915 sapientia,

1608 3936 1666 3989 id
1696 3935 1986 3988 adsecutus
2017 3938 2116 3999 est,
2137 3938 2201 3988 ut
2227 3935 2367 3988 falsa
2404 3934 2689 4004 detegeret

1608 4025 1665 4079 II
1702 4027 1788 4096 96,
1832 4027 1913 4081 19.
1952 4024 2163 4078 studuit
2199 4024 2575 4094 philosophiae
2623 4027 2689 4076 ut

1609 4115 1790 4169 nullus
1828 4132 2078 4183 umquam
2118 4115 2453 4184 diligentiuS,
2485 4114 2684 4183 quippe

1613 4205 1705 4273 qui
1731 4221 1915 4257 omnes
1946 4205 2263 4273 cognouerit
2288 4204 2523 4267 litteras,
2545 4204 2689 4256 sicut

1610 4295 1725 4363 ipse
1774 4295 1996 4363 gloriari
2044 4296 2199 4359 solet,
2240 4311 2466 4364 eamque
2512 4296 2684 4364 ipsam

1610 4383 1821 4436 Latinis
1878 4384 2076 4438 litteris
2132 4384 2510 4439 inlustrauerit
2562 4386 2687 4438 imi·
