3132 5043
1181 481 1293 534 lib
1316 498 1344 534 e
1365 498 1391 534 r
1439 497 1482 534 c.
1522 482 1750 536 27-29.
2481 485 2609 548 205

307 695 542 740 manus
602 677 917 758 quondam
973 677 1335 759 imperator,
1383 695 1549 741 nunc
1604 677 1945 758 populator
2002 677 2246 754 Italiae,
2293 677 2615 741 hostiliter

308 783 615 848 uniuersa
678 787 994 850 uexasset.
1091 784 1242 848 olim
1307 783 1562 866 quidem
1626 783 1737 848 ille
1793 786 1867 847 ut
1921 803 2150 848 nomen
2213 784 2612 866 imperatoris
2669 790 2702 843 8

309 893 666 973 acceperat,
725 891 979 954 hostem
1037 910 1104 955 se
1158 891 1430 955 Romani
1487 890 1762 954 nominis
1821 893 1953 955 erat
2014 890 2363 973 professuS,
2431 890 2613 954 cuius

307 997 582 1061 titulum
637 997 965 1063 immutari
1018 998 1300 1075 uolebat,
1358 1000 1432 1061 ut
1485 1016 1608 1061 non
1664 997 2021 1062 Romanum
2085 998 2447 1081 imperium,
2506 997 2614 1061 sed

239 1124 267 1163 5
307 1103 665 1168 Daciscum
714 1104 1291 1188 cognominaretur.

406 1213 511 1278 28.
606 1212 768 1277 Post
825 1211 1019 1274 huius
1067 1211 1287 1293 fugam
1334 1230 1481 1275 cum
1531 1229 1599 1275 se
1645 1210 2067 1275 Maximianus
2117 1213 2278 1276 alter
2324 1231 2356 1275 e
2407 1211 2616 1276 Gallia
2674 1218 2699 1270 1

305 1318 684 1399 recepisset,
732 1318 1009 1382 habebat
1053 1317 1394 1400 imperium
1442 1336 1777 1381 commune
1828 1337 1971 1382 eum
2027 1318 2177 1383 filio,
2243 1318 2353 1382 sed
2398 1319 2616 1383 iuueni

305 1424 522 1508 magis
560 1425 900 1505 parebatur
937 1444 1128 1505 quam
1166 1424 1323 1502 seni,
1355 1423 1588 1509 quippe
1628 1443 1775 1488 cum
1812 1424 1982 1505 prior
2014 1428 2284 1497 (esset)
2318 1428 2382 1489 et
2418 1425 2618 1490 maior

304 1531 432 1595 filii
487 1534 798 1614 potestaS‚
858 1531 968 1612 qui
1026 1531 1217 1595 etiam
1272 1530 1438 1614 patri
1493 1530 1850 1596 reddiderat
1913 1531 2272 1613 imperium.
2373 1532 2615 1597 ferebat
2672 1540 2703 1592 2

212 1662 266 1702 ιο
304 1638 534 1721 iniquo
585 1639 791 1703 animo
842 1657 1031 1702 senex
1079 1638 1248 1720 quod
1293 1658 1415 1701 non
1462 1641 1685 1719 posset
1721 1638 1916 1702 libere
1954 1638 2159 1702 facere
2199 1657 2359 1720 quae
2395 1640 2614 1717 uellet,

307 1749 380 1809 et
424 1744 559 1809 filio
609 1764 723 1809 suo
772 1745 1004 1827 puerili
1052 1744 1476 1809 aemulatione
1523 1744 1874 1809 inuidebat.
1952 1745 2275 1828 cogitabat
2322 1764 2470 1828 ergo
2521 1764 2617 1808 ex-

302 1852 551 1933 pellere
599 1851 1095 1928 adulescentem,
1135 1854 1211 1915 ut
1258 1851 1380 1914 sibi
1429 1870 1546 1915 sua
1584 1851 1964 1915 uindicaret:
2016 1852 2185 1932 quod
2220 1851 2406 1915 facile
2444 1851 2617 1915 uide-

303 1960 522 2035 batur,
574 1958 722 2041 quia
768 1957 1008 2022 milites
1061 1957 1225 2030 <ei>
1283 1960 1458 2021 erant
1505 1957 1615 2040 qui
1665 1957 1970 2022 Seuerum
2016 1959 2419 2040 reliquerant.
2514 1958 2618 2021 ad-
2673 1968 2706 2020 3

304 2065 581 2129 uocauit
624 2064 933 2148 populum
982 2083 1054 2129 ac
1101 2064 1339 2128 milites
1389 2064 1573 2146 quasi
1631 2064 1989 2129 contionem
2046 2064 2122 2128 de
2177 2065 2617 2146 praesentibus

211 2195 264 2237 15
302 2172 405 2236 rei
460 2171 755 2254 publicae
813 2171 1000 2235 malis
1048 2171 1406 2235 habiturus.
1475 2170 1550 2235 de
1610 2172 1840 2253 quibus
1890 2190 2035 2234 cum
2081 2172 2286 2235 multa
2333 2171 2617 2249 dixisset,

306 2278 633 2343 conuertit
680 2278 757 2341 ad
804 2278 1010 2342 filium
1056 2296 1282 2342 manus
1333 2281 1398 2342 et
1442 2279 1627 2342 illum
1676 2298 1815 2343 esse
1865 2278 2079 2342 dicens
2128 2281 2451 2342 auctorem
2490 2297 2619 2341 ma-

304 2388 545 2464 lorum,
601 2384 785 2450 illum
841 2385 1192 2468 principem
1252 2386 1712 2464 calamitatum,
1763 2405 1917 2467 quas
1974 2405 2075 2449 res
2121 2385 2380 2466 publica
2426 2384 2618 2449 susti-

304 2496 514 2571 neret,
565 2492 845 2575 deripuit
899 2493 973 2557 ab
1032 2491 1317 2557 humeris
1367 2492 1506 2557 eius
1552 2512 1918 2575 purpuram.
2014 2494 2239 2557 exutus
2286 2491 2397 2556 ille
2442 2510 2618 2573 prae·
2673 2501 2708 2554 4

307 2599 576 2682 cipitem
645 2619 713 2664 se
779 2600 854 2663 de
920 2600 1220 2665 tribunali
1290 2599 1464 2664 dedit
1529 2602 1596 2663 et
1661 2619 1696 2663 a
1759 2600 2073 2663 militibus
2140 2601 2438 2682 exceptus
2500 2600 2616 2662 est.

211 2732 266 2771 20
307 2725 589 2789 quorum
653 2705 748 2770 ira
813 2708 875 2769 et
941 2705 1215 2770 clamore
1272 2705 1681 2787 perturbatus
1740 2708 1840 2769 est
1895 2723 2082 2769 senex
2136 2704 2371 2787 impius
2430 2707 2493 2768 et
2539 2705 2616 2768 ab

305 2813 471 2876 urbe
519 2813 725 2877 Roma
771 2814 1096 2893 tamquam
1150 2812 1474 2895 Superbus
1525 2813 1686 2875 alter
1734 2815 1990 2876 exactus
2040 2808 2206 2898 [est].

407 2922 514 2983 29.
608 2919 883 2984 Rediens
949 2939 1170 2984 rursus
1235 2920 1299 2983 in
1370 2919 1633 2996 GalliaS,
1692 2919 1803 2983 ubi
1871 2920 2267 3001 aliquantum
2332 2922 2616 2983 moratus
2678 2931 2703 2982 1

309 3031 435 3105 est,
493 3027 820 3108 profectus
877 3030 1080 3101 <est>
1135 3027 1214 3090 ad
1269 3027 1521 3091 hostem
1579 3026 1695 3089 filii
1754 3026 1855 3090 sui
1909 3026 2386 3105 Maximianum,
2438 3027 2617 3108 quasi

307 3138 389 3198 ut
437 3133 515 3198 de
565 3133 995 3216 componendo
1044 3133 1135 3198 rei
1181 3133 1475 3215 publicae
1525 3134 1702 3196 statu
1752 3128 1861 3219 [et]
1913 3153 2055 3197 cum
2106 3152 2177 3197 eo
2241 3132 2617 3214 disputaret,

392 3424 419 3476 1
464 3423 652 3476 codam
699 3422 761 3488 G,
799 3439 935 3475 corr.
975 3422 1093 3475 Bal
1235 3423 1618 3491 imperatorem
1656 3421 1713 3488 (J,
1757 3438 1894 3476 corr.
1935 3421 2052 3474 Bal
2194 3422 2383 3474 hostili
2422 3423 2527 3475 iter
2558 3421 2617 3488 G,

313 3528 456 3565 corr.
484 3512 606 3564 Bal
714 3513 746 3564 2
776 3514 1048 3564 uastasset
1076 3510 1195 3563 Bal
1218 3512 1437 3564 secund.
1470 3512 1618 3564 curis
1649 3528 1738 3579 ap.
1770 3511 2113 3564 Bauldrium
2219 3512 2255 3563 4
2283 3511 2541 3563 inmutari
2576 3511 2624 3563 0

314 3604 347 3655 5
387 3600 651 3654 Dacicum
697 3599 994 3653 Columbus
1029 3600 1092 3652 in
1121 3606 1271 3653 textu
1300 3601 1453 3666 (item
1479 3600 1815 3666 Bentleius),
1840 3600 1903 3652 in
1929 3600 2077 3653 notis
2103 3600 2390 3652 Daciscum
2418 3600 2619 3653 retinet

314 3693 346 3744 6
389 3690 561 3742 altere
601 3689 768 3757 gallie
813 3688 870 3755 C,
909 3704 1047 3742 cor-r.
1086 3689 1204 3741 Bal
1311 3690 1344 3742 8
1384 3690 1525 3764 cum]
1570 3689 1713 3758 quod
1747 3688 1907 3755 Gale,
1934 3693 2050 3742 tum
2079 3688 2330 3742 Bauldri
2473 3691 2619 3742 esset

317 3781 451 3833 add.
500 3779 718 3833 Tollius
755 3784 803 3831 et
840 3778 1144 3832 Heumann
1361 3779 1393 3830 9
1430 3779 1510 3831 fili
1554 3778 1602 3830 G
1807 3779 1872 3832 10
1913 3795 2048 3847 quae
2090 3795 2399 3847 anonymus
2424 3794 2486 3845 p.
2532 3782 2615 3844 51,

314 3870 446 3921 item
468 3868 650 3921 Halm
669 3883 731 3934 p.
761 3870 874 3919 165
905 3868 1042 3919 conl.
1078 3883 1213 3934 quae
1242 3867 1406 3919 uelim
1437 3882 1479 3919 c.
1516 3867 1596 3928 18,
1622 3867 1704 3930 11,
1738 3883 1842 3936 quo
1879 3866 1949 3932 0;
1979 3865 2123 3935 quod
2152 3868 2270 3919 Bal
2380 3869 2445 3920 12
2487 3868 2615 3920 ado-

313 3957 615 4010 lescentem
648 3956 696 4009 C
802 3957 866 4009 13
908 3956 957 4008 ei
987 3956 1118 4009 add.
1146 3955 1453 4009 Heumann
1564 3958 1629 4010 15
1670 3956 1913 4009 abiturus
1948 3956 1996 4010 0
2102 3955 2167 4009 18
2207 3956 2443 4025 deripuit
2487 3957 2617 4010 Tol-

319 4046 447 4113 lius,
486 4044 716 4114 diripuit
760 4043 806 4097 0
999 4047 1217 4098 exsutus
1261 4044 1308 4097 0
1484 4045 1549 4097 21
1594 4046 1698 4114 est]
1741 4046 1810 4112 cf.
1850 4048 1932 4097 23
2112 4046 2180 4098 22
2219 4045 2616 4113 aliquantulum

318 4135 465 4201 Baz,·
510 4134 580 4201 cf.
631 4150 674 4187 c,
729 4135 822 4199 45,
876 4136 911 4186 6
1068 4134 1136 4187 23
1194 4135 1277 4186 est
1333 4150 1399 4186 ex
1453 4137 1523 4187 21
1579 4134 1922 4200 transposuit
1973 4133 2217 4198 Brandt,
2275 4134 2344 4201 cf.
2400 4134 2614 4202 Proleq.

322 4224 452 4276 adn.
516 4227 570 4289 3,
635 4222 821 4292 ibique
889 4223 1227 4291 aliquantum
1278 4225 1517 4275 moratus
1582 4222 1855 4291 profectus
1913 4225 1998 4276 est
2061 4238 2370 4291 anonymus
2423 4241 2479 4291 p.
2544 4227 2621 4275 52

322 4312 397 4365 fili
443 4311 488 4365 0
633 4313 704 4364 24
745 4312 1059 4379 coponendo
1105 4311 1151 4365 0
1311 4315 1367 4364 et
1404 4312 1506 4364 del.
1545 4311 1690 4377 Bal;
1727 4311 1875 4378 quod
1908 4311 2016 4364 huc
2054 4311 2299 4364 delatum
2336 4329 2457 4377 esse,
2498 4328 2619 4364 cum

323 4407 449 4454 esset
496 4400 812 4469 corriyendi
857 4416 1031 4453 causa
1079 4400 1381 4467 ascriptum
1416 4400 1677 4467 proximo
1726 4400 2002 4469 disputare
2051 4401 2156 4466 (sic
2209 4400 2268 4467 C,
2316 4401 2622 4470 disputaret
