3132 5043
1065 457 1447 510 nominum
1506 462 1579 511 et
1637 476 1899 512 rerum.

311 648 634 718 [Herophile
676 650 882 719 Sibylla
916 650 943 703 Ι
980 649 1066 711 21,
1110 649 1217 717 16.]

2259 54 2696 275 χ

2675 240 2734 277 ἧι..

2679 276 2766 303 “fit-q,

2527 465 2656 528 313

1476 647 1800 709 lhistriones
1837 651 1864 703 I
1903 653 2022 715 560,
2067 652 2131 705 10
2171 670 2238 706 33.
2281 654 2400 716 742,
2444 654 2529 709 16.

1478 714 1483 765 1

307 736 546 791 Hesdras
604 739 867 808 propheta
925 738 1146 807 eiusque
1212 742 1363 792 aetas
1427 738 1453 790 I
1510 738 1774 792 Homerus
1802 740 2040 793 humana
2067 742 2250 810 potius
2281 759 2441 811 quarn
2472 743 2656 798 diuina

377 825 502 887 305,
535 829 618 882 15.
652 828 796 895 [355,
827 828 899 897 6.]
934 827 1203 881 nominat.
1244 826 1454 881 Hesdra

376 915 404 967 Ι
444 917 564 978 721,
610 917 692 970 19.

305 1003 580 1058 Hesiodus
612 1005 828 1059 deorum
860 1007 1263 1074 generationem
1291 1008 1452 1060 unius

378 1094 507 1147 libri
546 1095 697 1164 operi
736 1097 1024 1165 conplexus
1065 1100 1148 1150 cst
1185 1097 1212 1149 I
1253 1097 1335 1160 14,
1367 1098 1449 1151 18.

375 1202 407 1236 a
464 1186 597 1238 chao
655 1186 886 1255 sumpsit
950 1186 1226 1240 exordium
1281 1188 1307 1241 I
1370 1189 1450 1251 14,

372 1274 459 1327 20.
489 1275 702 1328 horruit
736 1275 1071 1344 incognitam
1100 1277 1388 1330 ueritatem
1427 1278 1454 1330 1

382 1364 465 1428 15,
488 1365 540 1420 2.
559 1381 668 1416 non
696 1364 969 1417 Musarum
998 1365 1281 1431 instinctu,
1309 1367 1455 1421 sicut

1582 829 1900 897 conscripsit
1927 829 1953 881 I
1985 831 2068 893 14,
2102 831 2182 883 16.
2222 830 2489 885 bellantes
2516 834 2659 887 inter

1581 933 1637 969 se
1678 917 1805 970 deos
1842 918 1996 970 finxit
2031 918 2058 969 Ι
2103 920 2184 982 10,
2215 920 2263 975 9.
2304 919 2491 974 Iouem
2530 922 2656 976 ‹lae-

1579 1006 1827 1060 monibus
1869 1006 2193 1076 adgregauit
2219 1008 2245 1060 I
2275 1009 2397 1073 387,
2438 1011 2521 1064 15.
2555 1010 2655 1064 Ca·

1582 1097 1780 1147 storem
1804 1098 1860 1148 et
1877 1096 2152 1149 Pollucem
2184 1097 2516 1166 simpliciter,
2545 1117 2657 1153 non

1579 1186 1642 1235 ut
1705 1187 1898 1253 poetae
1964 1185 2169 1250 solent,
2234 1190 2475 1241 mortuos
2542 1205 2658 1242 esse

1578 1275 1815 1325 testatur
1851 1274 1878 1326 1
1915 1274 2000 1338 34,
2031 1275 2109 1327 14.
2152 1275 2371 1328 Homeri
2409 1278 2645 1330 carmina

1580 1361 1607 1414 Ι
1646 1362 1770 1427 240,
1811 1362 1856 1415 1.
1899 1394 1967 1401 -
2009 1363 2058 1432 [I
2096 1365 2181 1428 21,
2226 1366 2331 1434 13.]

370 1451 549 1505 uideri
587 1453 822 1516 uolebat,
854 1455 910 1507 in
938 1454 1201 1508 Helicone
1241 1473 1451 1510 carmen
1506 1449 1667 1502 homo
1706 1450 1848 1503 unde
1888 1454 2224 1520 nuncupatus
2263 1453 2336 1504 sit
2360 1452 2387 1505 I
2421 1453 2538 1517 147,
2575 1454 2655 1507 11.

370 1540 512 1594 illud
550 1541 760 1607 effudit,
790 1543 887 1597 sed
924 1543 1219 1598 meditatus
1258 1562 1320 1597 ac
1358 1563 1451 1614 pa·

370 1632 524 1682 ratus
574 1631 605 1683 I
657 1630 739 1693 15,
779 1632 828 1685 3.
882 1631 1152 1686 Hesiodus
1206 1631 1271 1685 de
1324 1632 1451 1685 dae-

369 1719 627 1772 monibus
665 1719 693 1772 I
733 1721 849 1782 163,
895 1721 975 1774 18.
1016 1722 1135 1784 695,
1176 1722 1260 1775 24.

298 1806 473 1860 hiems
533 1808 864 1876 (hibernum)
923 1811 1311 1879 septentrionis
1370 1815 1453 1864 est

366 1897 397 1949 I
438 1898 557 1961 143,
602 1898 681 1951 18.

298 1985 602 2040 Hieremias
655 2005 686 2040 a
740 1987 1026 2041 Lactantio
1084 2006 1179 2057 pro
1236 1988 1450 2042 Baruch

371 2073 554 2128 dictus
591 2076 619 2129 Ι
656 2077 777 2140 318,
823 2080 867 2130 1.
910 2080 1029 2140 716,
1070 2080 1119 2133 3.

297 2164 577 2218 Hierocles
617 2183 677 2218 ex
723 2166 925 2220 uicario
975 2184 1209 2236 praeses,
1264 2171 1453 2220 auctor

369 2256 427 2306 et
479 2255 815 2308 consiliarius
869 2256 937 2309 ad
989 2256 1291 2310 faciendam
1329 2274 1447 2326 per-

366 2343 704 2396 secutionem
719 2345 1051 2398 Diocletiani
1072 2345 1127 2398 ΙΙ
1147 2346 1204 2398 M
1229 2346 1344 2409 189,
1367 2347 1446 2399 18.

366 2432 484 2484 eius
543 2450 821 2487 successor
874 2434 1263 2497 Priscillianus,
1316 2436 1446 2489 ibid.

370 2520 489 2584 189,
539 2523 623 2576 20.
672 2523 816 2577 idem
859 2524 979 2578 sine
1026 2525 1193 2578 dubio
1242 2531 1320 2578 est
1354 2527 1450 2580 ille

366 2612 462 2679 qui
513 2615 631 2665 erat
682 2616 797 2665 tum
853 2630 880 2666 6
933 2630 1153 2667 numero
1211 2615 1448 2668 iudicum

366 2703 426 2752 et
462 2702 552 2768 qui
604 2704 794 2756 auctor
839 2703 895 2755 in
941 2703 1127 2772 primis
1166 2703 1446 2758 faciendae

368 2791 765 2857 persecutionis
817 2792 925 2852 fuit
979 2793 1006 2845 I
1052 2793 1176 2852 406.
1221 2794 1264 2845 1.
1321 2810 1444 2846 con-

370 2878 556 2947 posuit
585 2878 802 2933 libellos
841 2880 975 2934 duos
1007 2881 1075 2934 ad
1105 2881 1444 2935 Christianos

366 2966 720 3031 (mordaciter
748 2969 774 3022 I
802 2971 925 3033 405,
968 2971 1075 3038 22),
1116 2973 1177 3023 ut
1212 2971 1443 3024 humane

366 3058 647 3110 consulere
686 3061 971 3126 putaretur
1024 3059 1050 3112 I
1104 3060 1229 3124 406,
1286 3062 1441 3113 3-7.

364 3162 495 3213 quos
549 3144 864 3217 φιλαλήθεις
917 3149 1194 3217 inscripsit
1244 3149 1272 3201 Ι
1319 3150 1440 3212 410,

366 3236 450 3288 11.
471 3235 526 3287 in
550 3236 745 3304 quibus
774 3237 855 3289 ita
882 3236 1182 3291 falsitatem
1212 3239 1441 3306 scriptu-

360 3341 453 3376 rae
520 3341 703 3378 sacrae
767 3343 993 3395 arguere
1052 3330 1274 3381 conatus
1341 3330 1439 3392 est,

363 3416 644 3481 tamquam
684 3414 788 3467 sibi
828 3418 972 3468 essct
999 3418 1118 3468 tota
1146 3418 1433 3481 contraria3

363 3502 473 3554 alia
511 3520 572 3556 ex
610 3502 696 3555 his
734 3504 885 3556 libris
924 3505 951 3557 1
988 3505 1109 3568 406,
1150 3507 1305 3560 3-7,
1349 3507 1437 3572 (cf.

362 3593 485 3655 403,
531 3594 636 3658 16.)
677 3592 870 3646 8-23.
910 3595 1033 3658 407,
1085 3595 1347 3658 12-411,
1390 3599 1436 3650 6.

289 3679 649 3749 Hieronymus
704 3682 769 3735 de
816 3700 1022 3735 summo
1070 3684 1211 3737 bono
1252 3685 1277 3737 Ι
1319 3686 1435 3749 191,

361 3772 409 3823 9.
456 3772 574 3831 194,
620 3771 700 3823 13.
742 3771 862 3832 702,
905 3773 952 3824 7.

291 3858 666 3927 Hierosolyma
693 3859 720 3911 I
749 3859 870 3922 359,
911 3861 960 3915 9.
1002 3862 1121 3924 719,
1156 3862 1237 3914 19.
1283 3862 1434 3929 [Hie-

360 3949 595 4000 rusalem
625 3948 651 4000 I
682 3949 802 4012 326,
834 3950 881 4001 4.
923 3951 1043 4010 344,
1085 3951 1131 4002 1.
1173 3951 1292 4012 345,
1330 3952 1434 4020 12.]

291 4036 680 4104 Hipparchum
701 4040 988 4105 tyrannum
1018 4038 1234 4091 Leaena
1262 4056 1432 4092 inere-

359 4126 462 4177 trix
502 4125 704 4178 occidit
739 4126 766 4178 I
805 4127 888 4187 72,
935 4127 1014 4179 13.

252 4212 618 4283 -Hippolytus
657 4214 684 4266 1
723 4216 809 4277 33,
852 4216 933 4267 17.
974 4216 1059 4277 66,
1105 4217 1184 4269 19.
1224 4217 1344 4282 683,
1384 4220 1433 4272 3.

362 4303 601 4370 [Virbius
641 4304 665 4356 1
706 4304 790 4364 67,
828 4305 880 4356 4.
919 4304 1039 4366 683,
1080 4305 1154 4372 5]

291 4392 551 4461 Hispania
588 4392 615 4444 Ι
657 4393 740 4454 79,
780 4393 864 4445 21.
903 4393 955 4445 II
993 4394 1048 4445 M
1091 4394 1208 4458 182,
1250 4396 1299 4448 3.

342 4519 523 4557 xxvn.
558 4519 686 4557 Lact.
719 4520 760 4557 2.
790 4515 901 4558 fasc.
933 4522 971 4558 2.

1581 1557 1673 1593 cur
1711 1537 1992 1610 ἅνθρωπος
2031 1559 2062 1594 a
2091 1541 2310 1596 Graecis
2349 1543 2655 1612 appellatus

1580 1629 1653 1681 sit
1689 1629 1716 1681 Ι
1755 1629 1839 1691 98,
1882 1630 1966 1682 12.
2006 1630 2127 1693 692,
2172 1632 2251 1683 12.
2295 1648 2387 1683 cur
2416 1648 2446 1683 a
2475 1632 2650 1700 poetis

1581 1721 1748 1787 φῶτες
1777 1735 2148 1787 nuncupemur
2176 1719 2204 1772 I
2229 1720 2456 1784 482,17.
2489 1721 2648 1773 hom)

1581 1826 1612 1861 a
1670 1808 1769 1861 deo
1827 1808 2004 1861 factus
2060 1810 2087 1862 1
2147 1810 2264 1873 147,
2321 1810 2371 1865 8.
2431 1812 2551 1873 154,
2605 1811 2655 1866 8.

1583 1899 1701 1955 155.
1735 1900 1783 1952 2.
1827 1914 1887 1951 ex
1925 1897 2054 1951 limo
2083 1899 2111 1952 Ι
2143 1901 2260 1963 147,
2293 1901 2373 1953 10.
2417 1901 2533 1962 149,
2569 1902 2650 1954 13.

1583 1988 1699 2049 156,
1731 1987 1781 2039 2.
1812 1988 1933 2051 649,
1972 1989 2020 2042 9.
2054 1988 2118 2040 de
2155 2004 2374 2056 corpore
2409 1989 2651 2042 humano

1582 2076 1651 2142 cf.
1713 2092 1920 2144 corpus.
1979 2076 2249 2129 hominem
2310 2076 2438 2129 deus
2501 2078 2654 2130 finxit

1582 2181 1643 2217 ex
1680 2165 1800 2233 ipsa
1837 2168 1997 2229 terra,
2023 2166 2079 2218 id
2109 2170 2194 2219 est
2222 2166 2470 2235 spiritum
2498 2183 2654 2220 suum

1575 2258 1793 2308 terreno
1850 2270 2068 2324 corpore
2118 2256 2301 2309 induit
2349 2255 2377 2308 1
2427 2256 2547 2317 599,
2609 2258 2653 2309 l.

1576 2344 1825 2398 homines
1873 2362 1978 2398 non
2029 2361 2125 2397 sua
2172 2348 2363 2414 sponte
2403 2345 2467 2397 de
2505 2348 2649 2398 terra

1576 2438 1721 2486 ortos
1780 2452 1894 2487 esse
1951 2434 1978 2486 1
2037 2434 2154 2496 150,
2211 2436 2261 2487 4.
2324 2434 2439 2497 152,
2502 2435 2525 2487 1
2584 2452 2654 2487 ss.

1576 2523 1711 2576 duae
1750 2525 1898 2577 uitae
1943 2524 2193 2587 hominis,
2234 2523 2548 2592 temporalis
2601 2529 2656 2577 et

1575 2614 1902 2682 sempiterna
1937 2613 1964 2665 1
2003 2614 2124 2675 599,
2159 2614 2221 2665 17
2262 2630 2330 2665 33.
2371 2612 2435 2664 (16
2466 2613 2643 2681 spatio

1576 2702 1723 2754 uitae
1786 2700 2144 2769 temporariae
2209 2700 2235 2752 I
2304 2701 2421 2763 159,
2481 2702 2510 2754 7
2577 2718 2645 2754 33.

1576 2791 1697 2851 630,
1730 2791 1814 2842 13.
1856 2792 1975 2851 694,
2006 2791 2092 2843 25.
2112 2789 2368 2842 Varronis
2391 2790 2645 2843 aliorum-

1577 2896 1678 2947 que
1718 2879 1783 2931 de
1824 2896 1885 2932 eo
1926 2879 2230 2931 sententiae
2268 2878 2295 2931 Ι
2328 2880 2443 2941 160,
2478 2880 2542 2932 10
2574 2897 2644 2931 ss.

1573 2968 1668 3037 qui
1726 2968 1792 3020 ad
1850 2985 2045 3020 annum
2110 2969 2462 3020 centesimum
2526 2985 2643 3036 per-

1572 3058 1825 3110 ueniunt:
1858 3056 2000 3125 quod
2028 3057 2091 3109 fit
2118 3057 2430 3125 saepissime
2459 3056 2487 3109 Ι
2520 3059 2638 3120 160,

1572 3148 1600 3199 7
1609 3189 1617 3198 .
1648 3146 1866 3212 primus
1904 3147 2059 3199 homo
2098 3146 2343 3198 mortalis
2374 3148 2536 3214 atque
2566 3147 2647 3199 in-

1570 3236 1843 3304 perfectus
1874 3253 1900 3287 e
1931 3239 2074 3288 terra
2095 3236 2252 3288 fictus
2283 3239 2382 3298 est,
2406 3239 2466 3288 ut
2492 3236 2640 3288 mille

1571 3326 1724 3377 annis
1763 3326 1818 3377 in
1856 3324 1958 3377 hoc
1996 3324 2196 3377 mundo
2224 3326 2433 3377 uiueret
2462 3324 2488 3376 I
2519 3326 2638 3382 630,

1572 3416 1651 3467 13.
1691 3414 1924 3467 hominis
1966 3415 2245 3482 conceptio
2284 3414 2338 3466 Il
2375 3415 2460 3476 43,
2500 3416 2535 3467 4
2573 3431 2641 3466 33.

1566 3503 1803 3555 hominis
1841 3503 1986 3555 fictio
2029 3506 2206 3554 utrum
2249 3520 2278 3554 a
2318 3501 2475 3554 corde
2515 3519 2582 3554 an
2614 3521 2643 3556 a

1568 3592 1744 3660 capite
1793 3594 1970 3643 sumat
2018 3590 2290 3643 exordium
2336 3590 2392 3642 11
2429 3591 2514 3653 44,
2560 3592 2643 3644 11.

1571 3682 1651 3734 15.
1693 3698 1723 3733 a
1762 3679 1918 3732 corde
1949 3679 2258 3731 alimoniam
2291 3678 2441 3730 ducit
2470 3678 2524 3730 11
2551 3680 2638 3741 46,

1565 3771 1652 3822 20.
1709 3769 2038 3822 nutrimenta
2103 3767 2374 3820 nascentis
2431 3766 2485 3818 II
2551 3770 2636 3830 46,

1569 3859 1650 3912 18.
1702 3875 1792 3911 cur
1840 3858 1971 3909 deus
2020 3857 2290 3909 hominem
2344 3856 2636 3925 fragilitati

1561 3948 1763 4001 morbis
1802 3947 1962 3998 morti
2012 3946 2303 3998 subiecerit
2340 3946 2365 3997 I
2406 3947 2526 4009 597,
2573 3946 2636 3998 15

1564 4056 1632 4091 ss.
1673 4039 1792 4099 599,
1829 4037 2087 4094 10—60·2‚
2129 4035 2176 4087 2.
2221 4034 2264 4103 [Ι
2293 4035 2412 4095 602,
2445 4035 2476 4087 2
2508 4033 2629 4087 adn.

1563 4147 1633 4182 cr.
1673 4133 1700 4190 ξ
1743 4127 1989 4192 12-17.Ἰ
2041 4125 2096 4177 ΙΙ
2150 4126 2230 4187 14,
2286 4124 2509 4186 15-18,
2553 4125 2633 4176 17.

1563 4235 1656 4269 cur
1691 4217 1894 4268 homini
1934 4216 2032 4267 soli
2065 4219 2243 4267 rectus
2275 4217 2449 4265 status
2480 4213 2638 4265 (latus

1561 4307 1635 4356 sit
1673 4304 1698 4355 Ι
1737 4307 1820 4364 97,
1862 4307 1944 4359 21.
1986 4307 2072 4357 98.
2113 4305 2162 4357 2.
2204 4306 2252 4357 7.
2299 4306 2378 4356 15.
2421 4305 2505 4354 22.
2547 4303 2633 4354 99.

1565 4396 1609 4446 1.
1643 4394 1772 4456 102,
1814 4396 1860 4446 6.
1905 4395 2022 4447 103.
2062 4394 2110 4445 2.
2157 4395 2272 4446 173.
2308 4392 2372 4444 14
2412 4408 2481 4443 33.
2517 4392 2636 4443 174.

2495 4499 2556 4548 21

2759 310 3026 434 NS.
