3132 5043
521 462 650 523 214
1068 459 1170 511 De
1226 458 1617 511 mortibus
1675 463 2275 527 persecutorum

433 657 458 709 1
610 655 715 719 35.
812 654 949 717 Hoc
1008 653 1288 717 edictum
1345 654 1718 736 proponitur
1769 652 2178 717 Nicomediae
2243 651 2442 735 pridie
2497 650 2812 715 Kalendas

431 764 463 816 2
520 762 722 826 Maias
760 761 898 843 ipso
940 761 1137 826 octies
1172 764 1235 825 et
1262 761 1606 825 Maximino
1645 762 1877 825 iterum
1916 760 2305 825 consulibus,
2396 762 2549 823 tunc
2587 759 2812 841 apertis

523 868 899 945 carceribUS‚
965 868 1212 932 Donate
1298 868 1649 943 carissime,
1716 887 1861 932 cum
1946 867 2170 932 ceteris
2238 865 2705 930 consessoribus
2780 884 2810 928 e

522 974 813 1038 custodia
858 974 1162 1038 liberatus
1214 993 1303 1051 es,
1344 993 1489 1037 cum
1536 973 1655 1037 tibi
1703 993 1914 1039 carcer
1961 993 2066 1037 sex
2114 973 2290 1037 annis
2336 993 2447 1055 pro
2496 972 2809 1036 domicilio

434 1084 465 1137 3
521 1081 730 1146 fuerit.
824 1100 939 1145 nec
978 1084 1190 1145 tamen
1229 1081 1337 1145 ille
1376 1081 1494 1146 hoc
1534 1082 1702 1146 facto
1743 1082 1993 1146 ueniam
2035 1081 2292 1146 sceleris
2325 1081 2569 1161 accepit
2606 1099 2641 1144 a
2680 1080 2808 1156 deo,
2876 1100 2899 1139 5

524 1190 633 1252 sed
679 1191 827 1271 post
873 1188 1007 1252 dies
1056 1207 1294 1271 paucos
1344 1188 1802 1253 commendatis
1840 1187 2083 1254 Licinio
2126 1188 2392 1271 coniuge
2434 1207 2550 1251 sua
2588 1191 2651 1251 et
2684 1186 2808 1251 filio

524 1298 710 1376 atque
775 1296 840 1358 in
905 1315 1163 1359 manum
1219 1295 1492 1371 traditis,
1552 1314 1698 1360 cum
1754 1295 1880 1359 iam
1939 1295 2139 1360 totius
2199 1294 2475 1377 corporis
2537 1294 2812 1356 membra

432 1405 467 1457 4
523 1401 898 1479 diffluerent,
958 1402 1266 1467 horrenda
1330 1402 1476 1466 tabe
1543 1406 1961 1484 consumptus
2030 1405 2144 1467 est.
2235 1401 2426 1483 idque
2492 1401 2811 1483 cognitum

519 1507 930 1572 Nicomediae
978 1544 1066 1575 μ*
1116 1508 1351 1572 mensis
1400 1509 1705 1583 eiusdem,
1755 1529 1901 1573 cum
1947 1509 2162 1572 futura
2210 1510 2424 1572 essent
2468 1506 2812 1572 uicennalia

521 1613 826 1677 Kalendis
874 1615 1122 1678 Martiis
1172 1615 1708 1697 impendentibus,
2844 1636 2896 1674 ¹0

440 1725 463 1777 1
613 1720 719 1783 36.
815 1718 953 1798 Quo
1020 1720 1241 1784 nuntio
1298 1721 1682 1785 Maximinus
1749 1722 1967 1786 audito
2035 1720 2365 1802 dispositis
2428 1721 2503 1785 ab
2563 1718 2810 1783 Oriente

527 1826 817 1889 cursibus
857 1827 1234 1908 peruolauit‚
1268 1830 1339 1891 ut
1375 1828 1738 1910 prouincias
1779 1829 2119 1910 occuparet
2156 1846 2226 1891 ac
2256 1828 2495 1892 Licinio
2533 1829 2810 1891 morante

529 1932 737 1996 omnia
783 1932 906 1995 sibi
954 1948 1159 2014 usque
1206 1933 1282 1996 ad
1329 1934 1565 1997 fretum
1616 1933 2110 1998 Chalcedonium
2167 1934 2536 2011 uindicaret,
2583 1933 2810 2017 ingres-

527 2057 760 2120 susque
817 2038 1201 2121 Bithyniam,
1252 2059 1375 2121 quo
1435 2040 1558 2104 sibi
1616 2040 1694 2103 ad
1751 2060 2045 2121 praesens
2103 2041 2380 2105 fauorem
2432 2040 2808 2116 conciliaret,

441 2154 473 2205 2
528 2164 673 2209 cum
718 2164 948 2228 magna
995 2146 1277 2209 omnium
1321 2146 1569 2210 laetitia
1618 2148 1886 2211 sustulit
1933 2167 2214 2211 censum.
2309 2147 2624 2211 discordia
2657 2147 2811 2210 inter
2847 2169 2890 2204 ιε»

527 2253 746 2316 ambos
812 2252 1220 2333 imperatores
1289 2271 1360 2317 ac
1424 2273 1623 2336 paene
1686 2253 1948 2318 bellum.
2017 2254 2300 2317 diuersas
2363 2254 2533 2335 ripas
2596 2253 2810 2317 armati

526 2359 845 2435 tenebant,
896 2357 1008 2421 sed
1055 2359 1530 2423 condicionibus
1582 2360 1772 2425 certis
1820 2380 1936 2441 pax
1983 2363 2046 2424 et
2093 2360 2375 2424 amicitia
2421 2360 2812 2442 componitur

440 2476 471 2528 3
529 2470 592 2530 et
637 2467 699 2530 in
746 2465 887 2548 ipso
935 2464 1096 2530 freto
1144 2466 1368 2532 foedus
1416 2467 1490 2531 fit
1537 2486 1610 2532 ac
1660 2467 1946 2532 dexterae
2004 2468 2399 2548 copulantur.
2492 2466 2658 2533 redit
2708 2467 2809 2531 ille

529 2593 790 2638 securus
848 2575 914 2637 et
966 2573 1041 2636 fit
1096 2575 1301 2656 qualis
1368 2576 1429 2639 in
1491 2575 1672 2658 Syria
1729 2579 1793 2639 et
1848 2576 1909 2639 in
1967 2576 2258 2658 Aegypto
2322 2574 2465 2639 fuit.
2530 2575 2811 2658 inprimis

527 2681 985 2765 indulgentiam
1044 2682 1420 2747 Christianis
1480 2683 1802 2746 communi
1857 2683 2049 2746 titulo
2109 2682 2320 2745 datam
2376 2682 2552 2746 tollit
2607 2682 2812 2745 subor-
2845 2703 2893 2742 ετ)

525 2890 578 2940 p.
625 2875 702 2925 56
738 2889 803 2926 m:
836 2873 1075 2926 Eusebio
1113 2872 1151 2942 §
1188 2876 1261 2925 10
1296 2870 1381 2924 ἵνα
1416 2875 1551 2925 κατὰ
1589 2873 1757 2925 πάντα
1793 2873 1981 2944 τρόπον
2019 2874 2107 2925 καὶ
2142 2874 2207 2925 τὰ
2243 2870 2469 2943 δημόσια
2505 2872 2810 2942 παρασχεθῇ

534 2960 667 3031 ὑγιῆ,
704 2965 978 3030 perstetur
1016 2962 1282 3016 incolunis
1327 2962 1395 3029 0,·
1432 2967 1641 3032 perstet
1677 2965 1963 3018 incolumis
2001 2965 2121 3018 Bal

605 3051 629 3102 1
671 3050 735 3102 kl'
778 3049 825 3102 0
945 3052 977 3102 2
1014 3051 1135 3120 ipsa
1180 3052 1238 3117 0,
1277 3066 1413 3107 corr.
1453 3052 1570 3105 Bal
1733 3054 1906 3106 occies
1951 3053 1998 3107 0
2154 3053 2445 3106 Maximino
2484 3053 2620 3119 Bal,
2655 3052 2814 3105 maxi-

530 3137 710 3191 miano
756 3138 803 3191 0
920 3141 955 3191 4
997 3156 1024 3191 e
1062 3140 1197 3206 Bal,
1237 3145 1292 3193 et
1336 3139 1407 3206 0,·
1444 3157 1505 3194 ex
1542 3141 1722 3194 Halm
1841 3143 1870 3194 7
1909 3157 2125 3195 manum
2172 3141 2402 3207 TolliuS,
2438 3157 2602 3194 manu
2647 3140 2715 3206 0,·
2751 3139 2814 3205 cf.

529 3227 743 3294 Proley.
785 3228 916 3281 adn.
961 3231 996 3280 6
1121 3229 1153 3282 8
1194 3229 1503 3283 diffluerent
1546 3231 1779 3295 Tollius,
1818 3229 2120 3284 defluerent
2164 3231 2208 3282 0
2341 3231 2373 3283 9
2411 3229 2711 3283 nicomedie
2754 3230 2820 3293 0,·

530 3316 870 3370 intercidisse
907 3316 1127 3384 aliquid
1161 3317 1307 3370 uidit
1331 3317 1644 3385 Columbae,
1661 3320 1758 3386 qui
1785 3319 1963 3373 medio
1992 3319 2287 3387 suppleuit,
2316 3319 2443 3372 item
2470 3318 2754 3372 Bentleius
2773 3322 2819 3370 et

534 3405 654 3471 alii,
685 3404 814 3464 <sub
854 3405 1044 3465 finem>
1077 3406 1167 3458 uel
1198 3406 1283 3462 <in
1322 3407 1460 3461 fine>
1503 3408 1594 3460 uel
1625 3407 1879 3461 <Idibus>
1915 3407 2178 3472 Bauldri,
2212 3406 2360 3460 <ld.>
2404 3406 2571 3460 etiam
2599 3405 2820 3474 Lenqlet

534 3492 820 3560 (quisalso
843 3493 997 3546 dicit‘
1013 3494 1076 3547 in
1096 3494 1161 3546 M
1164 3493 1220 3548 S.
1244 3511 1352 3548 esse
1370 3512 1614 3550 uacuum
1636 3497 1876 3549 duarum
1897 3496 2193 3549 dumtaxat
2214 3496 2525 3549 litterarum
2543 3494 2821 3562 spatium',

532 3583 617 3634 nil
653 3588 730 3636 est
766 3582 880 3636 nisi
914 3582 1139 3636 solitum
1177 3583 1327 3637 inter
1365 3584 1500 3637 bina
1547 3586 1721 3638 uerba
1765 3585 2172 3651 interuallum),
2214 3583 2567 3637 Nicomediae
2605 3583 2814 3639 “<die>

531 3670 714 3723 Halm
737 3688 800 3739 p.
838 3673 952 3723 163
1096 3671 1331 3725 futuram
1366 3672 1425 3739 0,
1455 3689 1592 3727 corr.
1624 3675 1741 3727 Bal
1855 3674 1918 3727 10
1957 3674 2034 3726 kl'.
2076 3681 2203 3728 mar.
2244 3672 2291 3725 0
2399 3673 2460 3725 11
2501 3672 2822 3726 Maximinus

532 3760 667 3826 Bal,
703 3759 1057 3812 maximianus
1101 3759 1149 3813 0
1257 3761 1321 3814 12
1360 3761 1672 3830 prouolauit
1708 3761 2014 3815 Heumann
2156 3761 2463 3830 prouincias
2488 3760 2817 3829 <proximas>

535 3865 654 3902 cum
689 3849 972 3902 Bauldrio
1011 3849 1272 3904 Duebner
1392 3851 1457 3903 13
1498 3850 1848 3904 calcedonam
1891 3851 1951 3915 0,
1990 3867 2127 3904 corr.
2168 3850 2285 3903 Bal
2406 3851 2473 3902 14
2509 3849 2822 3919 Bithyniam

534 3938 667 4003 Bal,
704 3937 980 3991 bhianiam
1025 3937 1072 3991 0
1180 3940 1244 3993 15
1284 3939 1508 3992 sustulit
1542 3938 1839 3994 Uolum-bus
1868 3944 1916 3992 et
1946 3940 2068 4005 alii,
2098 3939 2341 3992 sustollit
2373 3938 2421 3992 0
2560 3938 2825 3992 discordia

533 4025 667 4091 Bal,
698 4024 1019 4078 discordiam
1056 4024 1125 4091 0,·
1163 4025 1431 4079 discordia
1467 4025 1593 4078 inde
1631 4026 1861 4091 Tollius,
1892 4025 2164 4079 discordia
2191 4027 2296 4079 iam
2330 4041 2641 4094 anonymus
2657 4043 2718 4093 p.
2754 4029 2827 4078 57

540 4113 602 4166 16
643 4129 810 4182 paene
848 4113 981 4179 Bab,
1018 4130 1194 4183 paena
1230 4112 1277 4166 0
1384 4115 1446 4167 17
1488 4114 1774 4182 copouitur
1807 4115 1852 4167 0
1962 4114 2026 4167 18
2064 4114 2205 4168 freto
2234 4114 2367 4180 Bal,
2395 4113 2539 4167 fretu
2574 4112 2634 4181 0,
2663 4131 2825 4183 quam

532 4203 772 4269 formam
807 4201 1094 4269 uulyarem
1134 4202 1364 4269 recipere
1398 4202 1696 4268 noluimus,
1736 4203 1804 4269 cf.
1844 4202 2011 4256 etiam
2047 4203 2187 4256 freto
2227 4220 2269 4258 e.
2314 4206 2409 4269 45,
2452 4207 2488 4255 4
2660 4202 2727 4256 ad
2770 4203 2825 4268 0,

535 4306 670 4344 corr.
718 4291 835 4343 Bal
941 4291 1010 4343 20
1048 4291 1210 4344 titulo
1250 4292 1359 4344 ‘uir
1392 4291 1846 4345 reuemendi-‹›·2⁴3im.5
1883 4292 1945 4345 in
1982 4292 2062 4345 ed.
2102 4292 2276 4346 Oxou.
2305 4295 2479 4358 1680,
2507 4292 2634 4345 item
2661 4292 2826 4345 Bent-

538 4379 674 4432 leius
713 4383 762 4431 et
800 4379 921 4444 alii,
959 4380 1131 4433 tutelo
1170 4379 1216 4432 0
1249 4380 1422 4447 (quod
1448 4381 1565 4434 Bal
1601 4381 1663 4434 in
1701 4381 1780 4434 ed.
1809 4384 1966 4434 1679
2004 4382 2325 4434 dubitanter
2363 4380 2573 4447 retinet,
2609 4379 2824 4434 secund.
