3132 5043
1131 431 1346 484 liber
1393 449 1434 485 c.
1475 433 1562 485 47.
1603 432 1687 484 48.
2423 435 2578 497 229¹

276 627 544 710 primis
605 626 1050 690 ordinanda
1107 645 1285 690 esse
1345 626 1865 702 credidimus,
1917 625 2213 707 quibus
2263 622 2562 690 diuini-

276 733 462 796 tatis
511 733 982 797 reuerentia
1029 732 1630 809 continebatur,
1680 737 1767 798 ut
1814 733 2183 797 daremus
2233 739 2306 797 et
2356 733 2561 798 Chri-

277 839 565 903 stianis
625 843 700 904 et
757 839 1128 904 omnibus
1187 840 1530 903 liberam
1598 843 2101 922 potestatem
2161 839 2557 922 sequendi

274 946 742 1030 religionem
795 967 1026 1029 quam
1074 947 1419 1029 quisque
1470 946 1912 1024 uoluisset,
1963 965 2111 1028 quo
2161 945 2557 1028 quicquid

220 1056 485 1125 5<est>
527 1052 1013 1118 diuinitatis
1061 1052 1133 1116 in
1184 1053 1369 1117 sede
1420 1052 1792 1129 caelesti,
1841 1052 2075 1117 nobis
2127 1057 2367 1134 atque
2417 1071 2557 1115 om-

274 1159 496 1223 nibus
566 1160 702 1241 qui
769 1161 911 1224 sub
983 1163 1406 1243 potestate
1474 1163 1754 1224 nostra
1820 1162 2007 1223 sunt
2083 1158 2554 1232 constituti,

272 1268 673 1348 placatum
737 1287 821 1331 ac
895 1268 1349 1350 propitium
1422 1268 1698 1351 possit
1771 1269 2151 1334 existere.
2273 1268 2555 1349 itaque

273 1373 405 1437 hoc
465 1374 907 1438 consilium
971 1374 1289 1438 salubri
1351 1393 1436 1439 ac
1497 1374 1970 1438 rectissima
2027 1375 2345 1441 ratione
2402 1374 2556 1438 ine·

271 1479 553 1543 undum
613 1499 791 1545 esse
850 1481 1373 1556 credidimuS,
1433 1485 1520 1544 ut
1576 1481 1788 1545 nulli
1849 1482 2161 1547 omnino
2215 1481 2558 1546 faculta-

196 1589 412 1653 1otem
460 1586 1011 1672 abnegandam
1060 1589 1555 1670 putaremuS,
1608 1589 1740 1671 qui
1789 1589 1921 1652 uel
1983 1587 2558 1652 obseruationi

272 1690 924 1757 Christianorum
981 1693 1115 1757 uel
1173 1693 1241 1757 ei
1300 1692 1695 1776 religioni
1750 1697 2092 1757 mentem
2158 1712 2376 1758 suam
2444 1694 2561 1757 de-

271 1797 491 1862 derat
558 1818 792 1881 ,quam
874 1800 1051 1882 ipse
1122 1799 1281 1863 sibi
1349 1799 1863 1881 aptissimam
1931 1818 2110 1864 esse
2183 1799 2556 1875 sentiret,

268 1908 347 1969 ut
400 1906 677 1989 possit
730 1906 963 1971 nobis
1026 1926 1329 1970 summa
1386 1906 1817 1985 diuinitas,
1877 1907 2107 1972 cuius
2163 1907 2560 1991 religioni

267 2012 548 2077 liberis
600 2013 1019 2078 mentibus
1071 2013 1620 2094 obsequimur,
1670 2013 1747 2077 in
1798 2013 2170 2078 omnibus
2219 2014 2558 2078 solitum

192 2154 234 2194 15
270 2119 624 2184 fauorem
674 2138 889 2184 suum
934 2120 1753 2202 beniuolentiamque
1802 2123 2245 2201 praestare.
2330 2139 2557 2202 quare

269 2226 469 2290 scire
532 2226 1032 2291 dicationem
1094 2229 1309 2291 tuam
1369 2227 1756 2291 conuenit
1819 2227 2239 2309 placuisse
2299 2226 2553 2301 nobiS,

267 2336 348 2396 ut
418 2333 719 2397 amotis
796 2334 1169 2397 omnibus
1247 2334 1563 2398 omnino
1643 2333 2273 2398 condicionibus
2357 2353 2555 2417 quae

335 2579 357 2631 1
409 2577 735 2645 credidimus
772 2579 907 2643 Bal,
955 2579 1220 2632 credimus
1264 2579 1324 2645 C‚·
1362 2577 1767 2650 ὲδογματίσαμεν
1805 2579 2080 2632 Eusebius
2105 2578 2145 2646 ,δ
2178 2582 2213 2630 4
2358 2578 2561 2631 diuini-

267 2668 387 2720 tatis
423 2667 561 2734 Bal,
603 2667 863 2721 diuinitas
895 2667 964 2734 0,·
993 2660 1068 2730 οἷς
1106 2667 1140 2738 ἡ
1182 2669 1310 2736 πρὸς
1347 2668 1404 2719 τὸ
1444 2667 1591 2719 θεῖον
1623 2665 1781 2730 αἰδώς
1821 2686 1873 2718 τε
1912 2666 2000 2718 καὶ
2036 2668 2091 2719 τὸ
2133 2665 2292 2734 σέβας
2331 2665 2557 2737 ἐνείχετο

265 2754 453 2810 Euseb.
607 2758 640 2809 2
680 2757 988 2810 continetur
1022 2756 1345 2822 Heumann,
1382 2756 1480 2810 sed
1516 2755 1743 2825 ἐνείχετο
1780 2757 1979 2809 Euseb.
2128 2757 2160 2809 3
2208 2755 2456 2824 sequenti
2499 2754 2564 2821 G,

267 2860 393 2897 corr.
431 2845 553 2898 Bal
698 2847 734 2899 4
774 2863 877 2915 quo
920 2845 1176 2914 quicquid
1216 2848 1300 2899 est
1338 2845 1646 2898 diuinitatis
1693 2844 1950 2898 Tainard
1983 2851 2199 2898 secutus
2239 2843 2567 2898 Columbum

268 2949 362 3001 quo
412 2934 677 3004 quicquid
726 2934 936 2988 demum
989 2938 1134 2988 esset
1171 2934 1478 2988 diuinitatis
1517 2940 1568 2987 et
1611 2933 1882 3000 Cuperum
1921 2950 2025 3002 quo
2066 2931 2325 3002 quicquid
2363 2931 2559 2984 diuini-

266 3023 389 3075 tatis
434 3025 761 3077 scribentem
808 3027 899 3090 (eoe
942 3024 1229 3090 Eusebio),
1270 3022 1413 3093 quod
1459 3021 1679 3091 quidem
1717 3020 1977 3075 diuinitas
2022 3021 2093 3087 0,·
2141 3021 2285 3082 ὅπως
2323 3021 2402 3072 ὅτι
2437 3018 2561 3071 ποτέ

269 3108 365 3163 ἐστι
408 3111 693 3182 θειότητος
742 3113 849 3175 (sic
894 3112 1069 3179 codd„
1116 3112 1331 3182 θειότης
1378 3111 1525 3176 edd.)
1573 3110 1661 3161 καὶ
1697 3107 1937 3180 οὐρανίου
1976 3108 2568 3180 πράγματος-εὐμενὲς

269 3191 387 3250 εἶναι
424 3198 638 3269 δυνηθῇ
677 3201 910 3267 Euseb.,·
945 3204 1007 3254 ut
1045 3200 1261 3270 quidem
1301 3199 1851 3267 diuinitas-placata
1890 3215 1952 3252 ac
1987 3199 2226 3268 propitia
2261 3199 2434 3268 possit
2474 3213 2559 3249 ex-

270 3286 449 3340 sistere
481 3289 784 3356 Graeuius,
822 3290 968 3356 item,
1004 3289 1117 3343 nisi
1152 3289 1301 3358 quod
1338 3306 1440 3358 quo
1482 3287 1699 3357 quidem
1724 3288 2010 3346 Bentleius
2038 3292 2087 3340 et
2114 3286 2402 3350 Duebner;
2440 3285 2563 3337 alia

271 3391 352 3441 ap.
387 3377 738 3430 Bauldrium
918 3380 950 3431 5
998 3378 1053 3431 in
1092 3377 1218 3431 sede
1258 3377 1502 3445 caelesti]
1556 3379 1613 3429 et
1648 3376 1726 3429 rei
1765 3376 2015 3429 coelestis
2060 3374 2315 3429 Toinard
2350 3378 2571 3426 secutus

268 3464 563 3518 Eusebium
678 3468 707 3519 7
746 3470 934 3536 posset
969 3466 1186 3520 Tollius
1296 3466 1328 3519 8
1368 3465 1650 3520 consilium
1691 3481 2002 3533 anonymus
2028 3482 2091 3532 p.
2122 3466 2198 3517 65
2227 3480 2293 3517 ea:
2320 3461 2565 3515 Eusebio

271 3552 328 3621 (ἕ
353 3556 385 3605 5
412 3553 586 3607 τοίνυν
626 3552 821 3625 ταύτην
859 3555 955 3626 τὴν
996 3554 1245 3626 βούλησιν
1283 3554 1482 3626 ὑγιεινῷ
1522 3553 1610 3604 καὶ
1647 3552 1920 3624 ὀρθοτοὶτῳ
1957 3552 2185 3623 λογισμῷ
2225 3546 2562 3621 ἐδογματίσα-

271 3642 397 3708 μεν),
438 3643 670 3696 consilio
716 3642 763 3695 0
902 3644 1105 3697 salubri
1143 3644 1276 3710 Bal,
1314 3643 1556 3697 salubria
1600 3642 1646 3695 0
1763 3642 1939 3694 9-12
1981 3643 2066 3706 (ut
2101 3639 2568 3702 nulli—sentiret)

270 3727 404 3791 ὅπως
442 3730 634 3802 μηδενὶ
669 3729 937 3794 παντελῶς
977 3731 1184 3793 ἐξουσία
1223 3731 1453 3801 ἀρνητὲα
1485 3723 1522 3803 ᾖ
1560 3737 1652 3783 τοῦ
1692 3728 2002 3782 ἀκολουθεῖν
2040 3728 2127 3779 καὶ
2163 3726 2423 3796 αἱρεῖσθαι
2467 3730 2566 3799 τὴν

272 3824 365 3869 τῶν
392 3819 726 3887 Χριστιανῶν
777 3818 1135 3890 παραφυλαξιν
1180 3820 1215 3891 ἢ
1265 3819 1573 3890 θρησκείαν,
1625 3819 1826 3889 ἑκάστῳ
1875 3838 1929 3871 τε
1978 3816 2185 3879 ἐξουσία
2232 3815 2415 3886 δοθείη
2474 3825 2572 3870 τοῦ

273 3905 456 3959 διδόναι
494 3907 685 3958 ἑαυτοῦ
724 3907 819 3977 τὴν
859 3906 1088 3959 διάνοιαν
1127 3906 1180 3958 ἐν
1220 3907 1390 3979 ἐκείνῃ
1429 3914 1493 3978 τῇ
1534 3907 1811 3979 θρησκείᾳ,
1848 3906 1914 3979 ἢν
1945 3906 2101 3968 αὐτὸς
2127 3905 2294 3978 ἓαυτῲ
2326 3905 2573 3977 ἁρμόζειν

273 3995 445 4066 νομίζῃ
485 3996 694 4049 Euseb.
844 3998 904 4050 11
948 3996 1171 4050 dederet
1209 3998 1341 4064 Bal,
1380 3997 1592 4051 dederit
1628 3997 1934 4051 Heumann
2080 3997 2144 4051 13
2183 3995 2565 4050 cuius—obse-

274 4083 500 4153 quimur]
538 4085 689 4137 nihil
725 4085 991 4139 eiusmodi
1029 4103 1119 4154 ap.
1158 4087 1359 4140 Euseb.
1439 4088 1505 4140 14
1531 4087 1696 4139 solita
1732 4088 1791 4152 C,
1829 4102 1964 4139 corr.
2005 4086 2121 4139 Bal
2223 4087 2287 4139 15
2326 4085 2571 4137 fauorem

272 4169 397 4236 Bal,
435 4171 708 4224 feruorem
754 4172 825 4238 0,·
875 4173 969 4242 τὴν
1008 4171 1192 4243 ἔθιμον
1233 4172 1462 4243 σπουδήν
1502 4174 1705 4227 Euseb.
1892 4174 1974 4229 15.
2016 4175 2080 4226 16
2128 4171 2564 4241 (quare-nobis)

277 4256 414 4312 ἅτινα
452 4255 891 4330 οὖτωςαρέσκειν
927 4260 1050 4332 ἡμῖν
1092 4261 1395 4332 ἀντιγράψαι
1436 4258 1731 4313 ἀκόλουθον
1769 4257 1835 4332 ἢν
1875 4262 2072 4314 Euseb.
2102 4261 2140 4328 ἕ
2171 4264 2206 4313 6
2350 4260 2415 4311 de
2451 4258 2491 4328 ,ξ
2533 4262 2567 4310 4

276 4349 341 4415 cf.
379 4366 520 4416 quae
559 4350 993 4417 disputauerunt
1027 4350 1357 4417 Heinichen,
1394 4350 1597 4404 Euseb.
1635 4351 1748 4404 uol.
1785 4351 1902 4403 III
1936 4350 2041 4416 (ed.
2084 4350 2208 4414 alt.)
2238 4365 2298 4417 p.
2343 4351 2459 4400 743
2496 4363 2575 4400 ss.
