3132 5043
1227 467 1812 536 Prolegomena.
2512 473 2667 538 XIII

370 659 533 723 tibus
566 663 1053 739 persecutorum,
1104 655 1659 740 Sitzunysberichte
1705 661 1766 725 d.
1807 661 1894 725 K.
1935 661 2141 727 Akacl.
2183 664 2241 728 d.
2297 663 2665 730 Wissensch.

373 767 438 829 in
488 764 691 842 Wien,
733 762 1076 830 Phia-hist.
1132 763 1253 844 Ol„
1300 766 1428 830 uol.
1476 767 1527 829 L
1566 766 1797 852 (1865)
1834 788 1894 850 p.
1940 770 2065 833 162
2099 789 2193 834 ss,
2239 772 2384 835 167.
2432 772 2666 838 Nostro

372 874 628 938 saeculo
676 871 1037 936 Fridericus
1078 872 1376 937 Duebner
1415 871 1642 956 (Paris.-
1687 876 1877 939 1863.
1923 875 2119 960 1879)
2160 877 2319 941 uitia
2357 879 2665 961 quaedam

370 979 654 1061 priorum
721 977 1071 1042 editionum
1141 997 1211 1042 ex
1276 978 1493 1044 codice
1559 982 1844 1046 correxit.
1920 983 2122 1048 Nobis
2189 985 2369 1067 copia
2430 986 2667 1051 codicis

370 1087 540 1150 facta
615 1088 717 1149 est
791 1085 1153 1169 apographo
1230 1085 1398 1168 quod
1462 1087 1506 1168 †
1572 1088 1933 1153 Andreas
2012 1091 2492 1169 Laubmann,
2560 1093 2666 1175 qui

297 1252 301 1255 .
372 1211 562 1274 quam
620 1192 777 1256 bene
837 1191 1228 1256 conferendis
1288 1193 1479 1257 etiam
1536 1194 1679 1259 aliis
1743 1196 2072 1261 codicibus
2122 1197 2197 1261 de
2244 1198 2363 1262 hoc
2411 1217 2668 1281 corpore

370 1299 782 1364 Lactantiano
840 1299 1105 1363 meritus
1164 1300 1251 1364 sit
1303 1300 1365 1364 in
1420 1301 1737 1383 prioribus
1793 1304 2080 1384 partibus
2129 1304 2319 1368 huius
2372 1305 2667 1371 editionis

373 1405 614 1471 dictum
684 1409 801 1484 est,
858 1406 1155 1470 mandato
1216 1407 1291 1470 ab
1350 1408 1696 1473 Academia
1752 1409 2226 1475 Vindobonensi
2286 1417 2542 1495 accepto
2611 1433 2664 1477 a.

375 1515 549 1579 1864
600 1513 909 1597 singulari
957 1532 1106 1578 cura
1153 1514 1612 1598 diligentiaque
1661 1515 1950 1581 confecit.
2002 1514 2141 1594 Quo
2191 1537 2262 1582 ex
2302 1520 2666 1603 apographo

373 1623 685 1702 quantum
749 1620 1053 1685 utilitatis
1118 1621 1614 1686 redundaturum
1674 1626 1847 1686 esset
1900 1622 1978 1686 ad
2033 1643 2263 1689 nouam
2326 1626 2665 1691 editionem

370 1727 703 1804 Mortium,
742 1727 933 1809 paulo
981 1730 1130 1811 post
1169 1728 1307 1794 Car.
1348 1729 1538 1793 Halm
1577 1728 1620 1794 l.
1664 1748 1716 1793 c.
1757 1730 2077 1794 nonnullis
2119 1732 2421 1814 exemplis
2463 1736 2667 1797 osten-

373 1834 489 1899 dit.
548 1836 622 1901 A.
677 1835 842 1899 1891
898 1834 1087 1898 etiam
1141 1834 1202 1899 S.
1252 1835 1493 1899 Brandt
1539 1836 1822 1900 codicem
1871 1836 2138 1902 maxime
2185 1839 2470 1903 locorum
2518 1860 2669 1923 (1110-

371 1941 639 2006 rundam
705 1960 898 2006 causa
962 1941 1037 2006 de
1094 1942 1326 2025 quibus
1385 1942 1699 2007 dubitatio
1750 1942 2011 2007 suborta
2056 1948 2206 2022 erat,
2256 1947 2671 2028 perlustrauit

375 2051 440 2112 et
484 2048 792 2132 impensis
839 2047 1216 2113 Academiae
1270 2048 1775 2114 vindobonensis
1826 2050 2092 2114 duarum
2140 2052 2668 2133 prima1·um‡eius

374 2155 745 2239 paginarum
795 2155 1105 2239 imagines
1152 2155 1687 2239 photographioas
1744 2156 2063 2221 faciendas
2120 2159 2389 2236 curauit,
2438 2159 2669 2241 quibus

378 2281 520 2327 cum
569 2262 693 2326 alia
739 2265 880 2328 tum
928 2262 1133 2344 spatia
1177 2263 1636 2344 particularum
1686 2266 1794 2327 aut
1838 2264 2246 2328 euanidarum
2287 2270 2398 2329 aut
2434 2266 2670 2330 abscis-

377 2389 608 2445 sarum,
660 2371 735 2434 de
787 2369 1015 2452 quibus
1062 2369 1190 2433 iam
1239 2370 1494 2463 saepius
1544 2369 1839 2448 diximUS,
1889 2371 2159 2435 maxima
2209 2391 2353 2436 cum
2402 2372 2524 2436 fide
2578 2372 2669 2435 in-

378 2477 769 2543 dicabantur.
836 2477 954 2541 His
1007 2476 1173 2542 enim
1225 2477 1299 2542 de
1355 2476 1514 2542 locis
1579 2496 1648 2541 ac
1698 2477 1965 2542 maxime
2013 2477 2089 2543 de
2140 2479 2494 2544 obscuratis
2540 2478 2669 2544 illis

377 2588 441 2649 et
486 2584 563 2650 de
612 2585 968 2650 litterarum
1016 2584 1315 2668 uestigiis
1363 2585 1438 2649 A.
1488 2585 1858 2649 Laubmann
1907 2586 2207 2669 pauciora
2253 2589 2425 2651 certa
2480 2605 2668 2669 quam

374 2692 560 2774 plura
604 2692 845 2756 incerta
891 2693 1035 2756 dare
1082 2692 1414 2768 maluerat,
1464 2711 1666 2774 neque
1715 2695 1924 2756 tamen
1975 2692 2365 2757 audebamus
2422 2694 2669 2776 acquie-

377 2818 548 2863 scere
597 2799 660 2862 in
707 2798 808 2873 iis,
859 2817 1018 2881 quae
1056 2798 1360 2863 Baluzius
1411 2802 1522 2862 aut
1568 2799 1653 2862 Le
1674 2798 1923 2881 Nourry
1967 2798 2109 2882 ipsa
2155 2818 2340 2883 saepe
2386 2800 2671 2864 nonnihil

372 2907 537 2984 111131
584 2925 652 2970 se
701 2905 1125 2987 discrepantia
1163 2905 1591 2970 exhibuerant.
1634 2904 1757 2970 Sed
1798 2925 1943 2969 cum
1981 2906 2043 2969 in
2083 2906 2242 2971 locis
2280 2907 2409 2970 illis
2449 2907 2669 2970 obscu-

373 3014 459 3078 ris
507 3014 936 3090 haereremus,
997 3032 1265 3096 quorum
1314 3013 1389 3077 de
1440 3013 1757 3094 scriptura
1812 3013 1938 3076 iam
1987 3014 2091 3077 uix
2157 3014 2415 3077 umbrae
2479 3013 2671 3095 dispi-

375 3120 649 3197 ciuntur,
682 3119 1148 3202 optatissimam
1179 3119 1361 3184 nobis
1390 3119 1602 3183 lucem
1641 3119 1702 3182 H
1721 3119 1940 3183 enric
1962 3138 2048 3183 us
2099 3118 2149 3183 O
2172 3123 2388 3184 mont
2434 3120 2668 3184 attulit.

371 3226 493 3290 Hic
552 3226 656 3289 uir
712 3225 992 3307 optimus
1048 3225 1358 3308 nobisque
1409 3225 1673 3303 amicuS,
1726 3225 1909 3289 cuius
1959 3229 2194 3307 quanta
2241 3226 2327 3289 sit
2370 3226 2434 3289 in
2480 3226 2669 3290 rebus

370 3331 920 3416 palaeographicis
984 3332 1210 3415 peritia
1275 3333 1749 3413 auctoritasque
1816 3332 2226 3396 notissimum
2286 3335 2403 3410 est,
2470 3351 2671 3414 neque

370 3439 577 3504 labori
651 3458 854 3520 neque
932 3438 1062 3504 otio
1130 3459 1244 3504 suo
1313 3458 1574 3521 parcens
1641 3438 2071 3522 apographum
2146 3439 2328 3502 nobis
2404 3439 2674 3503 confecit

372 3547 614 3629 primae
673 3546 910 3610 codicis
959 3547 1247 3631 paginae,
1299 3566 1421 3628 (1110
1472 3566 1629 3628 (11133
1677 3545 1981 3610 Baluzius
2032 3547 2096 3609 et
2140 3546 2226 3609 Le
2246 3544 2495 3628 Nourry
2541 3545 2670 3610 edi-

376 3654 617 3730 derant,
669 3658 780 3717 aut
835 3655 1281 3718 confirmantur
1336 3657 1448 3717 aut
1504 3653 1926 3736 corriguntur,
1976 3652 2129 3716 adeo
2180 3655 2254 3716 ut
2300 3652 2489 3716 etiam
2548 3652 2671 3717 loci

377 3760 637 3844 quidam
696 3760 770 3823 de
834 3760 1064 3842 quibus
1114 3759 1210 3823 illi
1258 3761 1361 3824 uel
1409 3758 1806 3823 incredibilia
1851 3757 2258 3839 prodiderant
2304 3758 2407 3821 uel
2455 3756 2672 3839 despe-

375 3869 693 3945 rauerant,
742 3867 870 3930 iam
916 3866 1089 3948 plani
1138 3870 1202 3931 et
1250 3866 1385 3930 sani
1434 3866 1583 3942 sint,
1633 3869 1822 3947 atque
1871 3884 1982 3947 per
2026 3867 2229 3928 totam
2276 3864 2452 3928 illam
2497 3864 2671 3948 pagi·

377 3995 523 4039 nam
573 3993 733 4057 quae
784 3974 869 4037 sit
915 3973 1230 4054 scriptura
1277 3972 1533 4050 codicis,
1584 3990 1842 4054 prorsus
1892 3990 2055 4036 nunc
2104 3974 2372 4049 constet,
2414 3973 2673 4053 excepto

378 4100 501 4145 uno
548 4082 714 4158 1000,
766 4097 889 4161 (1110
936 4077 1098 4142 illud
1146 4078 1374 4142 saltem
1414 4080 1683 4155 constat,
1723 4077 1899 4142 nullo
1938 4077 2126 4141 modo
2164 4077 2291 4140 iam
2334 4077 2669 4159 quicquam

379 4187 639 4271 agnosci
686 4205 876 4268 posse
926 4183 1034 4271 (cf.
1074 4206 1135 4269 p.
1183 4186 1267 4250 XI
1315 4185 1460 4249 adn.
1501 4185 1592 4265 4).
1642 4185 1809 4249 Huic
1858 4184 2058 4269 igitur
2109 4184 2244 4248 uiro
2293 4204 2418 4248 una
2464 4173 2672 4249 nobis-

382 4316 524 4360 cum
582 4296 776 4359 etiam
835 4313 1052 4358 omnes
1109 4294 1217 4376 qui
1265 4292 1382 4358 hac
1432 4292 1707 4357 editione
1755 4295 2035 4370 utentur,
2084 4291 2388 4355 maximas
2439 4292 2675 4375 gratias

381 4403 725 4470 habebunt.
