3132 5043
1055 446 1437 498 nominum
1499 449 1573 498 et
1627 462 1890 497 rerum.

373 640 491 701 304,
540 639 587 693 8.
631 641 752 697 327,
792 641 842 692 4.
886 640 1004 701 718,
1045 640 1092 692 8.
1135 639 1188 692 ΙΙ
1224 639 1281 691 Μ
1323 640 1439 699 173,
1520 632 1525 637 ’

369 730 414 781 9.
449 745 479 780 a
508 745 675 796 regno
707 727 889 780 Dauid
917 744 1085 795 usque
1125 727 1193 779 ad
1233 744 1440 780 crucem

367 816 572 870 Christi
611 818 738 870 anni
765 817 867 868 ML
908 817 1237 884 colliguntur
1265 815 1291 867 Ι
1319 817 1439 877 359,

369 908 414 958 7.
459 907 711 959 Salomon
742 907 896 958 annis
925 906 982 958 M
1009 906 1171 974 paulo
1212 905 1441 973 amplius

366 998 492 1047 ante
534 995 599 1047 de
640 1011 700 1047 eo
750 995 1127 1062 pronuntiauit
1165 994 1189 1046 1
1231 994 1349 1053 717,
1391 996 1439 1046 6.

363 1083 568 1135 inferos
621 1084 757 1136 uicit
809 1088 864 1137 et
913 1084 1217 1152 reSIgnauit
1255 1083 1281 1135 1
1320 1083 1440 1143 313,

369 1173 450 1224 13.
485 1173 551 1224 ab
590 1172 779 1225 inferis
819 1176 1075 1225 euocatus
1113 1188 1218 1224 non
1251 1171 1439 1229 aderit,

366 1262 496 1329 quia
526 1279 632 1314 non
665 1255 895 1331 amplius
917 1277 1075 1329 quam
1103 1260 1268 1313 biduo
1301 1259 1441 1328 apud

363 1350 568 1403 inferos
617 1350 724 1403 fuit.
764 1350 786 1402 Ι
827 1350 946 1413 388,
991 1351 1069 1403 10.
1119 1349 1441 1402 resurrectio

364 1440 479 1491 eius
535 1439 561 1491 I
614 1440 733 1500 349,
791 1439 871 1491 17.
926 1439 1048 1500 362,
1109 1440 1337 1501 7—364‚
1391 1440 1439 1491 3.

363 1527 485 1589 393,
534 1528 613 1580 14.
656 1529 774 1590 720,
836 1529 1059 1582 11-21,
1115 1529 1171 1582 ΙΙ
1215 1528 1273 1580 M
1323 1529 1441 1589 174,

372 1618 416 1669 1.
466 1617 523 1668 in
577 1615 876 1669 Galilaeam
923 1616 1195 1685 profectus
1245 1620 1343 1679 est,
1383 1620 1445 1669 ut

364 1704 663 1773 discipulos
721 1722 844 1758 suos
903 1709 1184 1773 quaereret
1239 1706 1265 1758 I
1322 1706 1442 1767 362,

368 1795 449 1846 10.
499 1795 624 1857 364,
674 1795 723 1850 4.
773 1794 821 1846 6.
874 1795 994 1856 720,
1038 1796 1130 1847 -22,
1173 1795 1347 1847 uoluit
1388 1812 1443 1846 se

362 1881 582 1934 Iudaeis
632 1882 915 1936 ostendere
960 1884 988 1937 Ι
1035 1884 1155 1947 364,
1194 1886 1244 1937 4.
1287 1883 1442 1936 disci·

363 1970 507 2039 pulis
547 1971 744 2024 iterum
774 1973 1117 2039 congregatis
1146 1973 1445 2040 scripturae

363 2061 589 2112 sanctae
645 2059 858 2112 litteras
914 2060 1175 2129 patefecit
1231 2060 1446 2113 ordina-

364 2149 559 2216 uitque
617 2148 890 2216 euangelii
946 2165 1007 2201 ac
1062 2149 1296 2201 nominis
1365 2150 1446 2201 sui

361 2237 827 2305 praedicationem
880 2238 906 2289 I
956 2239 1078 2299 364,
1132 2239 1180 2292 6.
1235 2239 1355 2300 367,
1396 2238 1443 2289 8.

363 2327 490 2389 720,
544 2328 630 2380 23.
684 2326 740 2378 ΙΙ
790 2325 847 2377 M
899 2328 1017 2389 174,
1071 2328 1114 2380 l.
1166 2325 1446 2378 discedens

365 2430 458 2466 eos
489 2415 820 2467 instruxerat
849 2416 1051 2468 uirtute
1084 2433 1144 2468 ac
1172 2417 1447 2483 potestate

362 2502 389 2555 Ι
430 2503 554 2566 367,
609 2506 689 2557 15.
740 2504 859 2567 720,
911 2505 978 2558 25
1043 2503 1097 2556 II
1146 2504 1198 2556 M
1243 2504 1359 2566 174,
1399 2505 1447 2558 5.

365 2593 661 2659 inspirauit
696 2594 752 2645 in
785 2610 875 2646 eos
915 2593 1170 2661 spiritum
1204 2595 1444 2646 sanctum

364 2682 390 2733 I
446 2683 568 2741 720,
619 2684 702 2735 25.
755 2683 810 2735 111
865 2683 1069 2735 caelum
1123 2683 1371 2735 sublatus
1421 2681 1447 2734 Ι

369 2772 494 2831 367,
543 2772 592 2823 9.
646 2771 763 2832 721,
817 2772 865 2824 2.
914 2770 969 2822 ΙΙ
1014 2770 1071 2823 M
1124 2771 1240 2832 174,
1293 2771 1340 2825 7.
1381 2799 1447 2806 —-

368 2858 698 2912 secundus
741 2860 879 2912 eius
921 2859 1247 2912 aduentus
1277 2858 1446 2913 1313.

368 2950 400 3000 5
442 2965 484 3000 s,
525 2949 646 3008 315,
692 2950 772 3003 11.
814 2949 935 3008 316,
975 2952 1023 3001 5.
1072 2949 1193 3010 341,
1234 2950 1282 3001 9.
1325 2948 1445 3008 585,

371 3037 453 3090 18.
507 3036 575 3089 ad
621 3036 932 3090 liberandos
980 3038 1151 3091 iustos
1189 3038 1216 3090 Ι
1255 3038 1376 3098 640,
1419 3039 1447 3089 7

372 3127 566 3190 -646,
618 3127 666 3178 7.
720 3127 839 3186 758,
890 3128 953 3179 21
997 3143 1064 3178 ss,
1108 3126 1176 3178 ad
1216 3126 1447 3180 conden-

372 3214 500 3265 dum
540 3231 767 3282 regnum
805 3215 952 3267 mille
984 3232 1243 3267 annorum
1271 3214 1299 3267 I
1330 3215 1446 3275 658,

374 3305 439 3355 12
490 3320 558 3358 ss,
612 3305 730 3366 759,
784 3305 843 3357 11
896 3322 965 3357 se.
1016 3303 1082 3356 ad
1134 3303 1450 3356 iudicandos

370 3393 530 3444 uiuos
579 3409 641 3445 ac
688 3397 927 3445 mortuos
976 3392 1001 3444 I
1049 3393 1169 3456 647,
1222 3393 1448 3454 3-652,

374 3482 457 3534 16.
517 3481 640 3542 658,
699 3483 926 3544 4-659,
984 3482 1032 3536 9.
1094 3483 1212 3543 759,
1277 3483 1324 3533 9.
1385 3512 1449 3519 -

372 3570 647 3624 Christus:
711 3571 955 3623 dominus
995 3570 1023 3623 Ι
1063 3571 1182 3634 737,
1231 3569 1280 3624 8.
1331 3570 1450 3633 367,

377 3660 458 3713 14.
518 3660 768 3712 dominus
820 3665 1005 3713 noster
1054 3661 1180 3724 479,
1229 3661 1277 3712 6.
1331 3658 1451 3720 585,

374 3748 457 3802 15.
498 3748 556 3800 ΙΙ
595 3749 653 3801 M
693 3750 811 3810 173,
855 3750 934 3802 10.
982 3749 1244 3817 magister
1282 3748 1452 3800 domi-

370 3853 473 3889 nus
514 3837 571 3890 11
607 3836 664 3888 M
706 3838 824 3898 174,
867 3839 950 3892 12.
988 3839 1042 3889 in
1084 3837 1299 3890 nomine
1340 3853 1453 3889 ma-

372 3926 533 3994 gistri
574 3924 779 3978 domini
811 3927 910 3992 (sic
936 3926 1281 3980 scribendum
1318 3925 1453 3991 uid„

375 4014 464 4067 dei
498 4014 679 4082 codd.)
710 4014 737 4066 I
775 4015 892 4076 367,
926 4015 1006 4067 14.
1037 4014 1251 4081 legatus
1284 4013 1370 4065 dei
1398 4013 1454 4066 II

373 4106 459 4168 70,
507 4104 590 4157 11.
630 4104 800 4171 patris
839 4103 865 4155 I
903 4104 1022 4164 394,
1065 4104 1111 4155 3.
1152 4102 1365 4170 legatus
1397 4120 1456 4155 ac

374 4193 603 4245 nuntius
626 4191 712 4244 dei
738 4192 764 4244 I
784 4193 903 4254 375,
928 4194 1010 4244 19.
1040 4191 1263 4243 nuntius
1284 4191 1455 4259 patris

370 4283 398 4336 Ι
429 4283 554 4338 394,
588 4282 636 4334 9.
664 4281 910 4333 minister
938 4279 1025 4332 dei
1055 4297 1117 4333 ac
1147 4280 1370 4331 nuntius
1401 4280 1456 4332 ΙΙ

372 4372 462 4434 69,
503 4372 583 4425 19.
616 4370 839 4422 nuntius
871 4368 956 4421 dei
996 4370 1086 4438 qui
1125 4372 1282 4421 uetus
1322 4368 1457 4420 illud

2511 450 2644 511 293

1570 640 1843 692 saeculum
1881 622 2232 709 fugatamque
2262 642 2530 694 iustitiam
2560 658 2641 695 rc-

1571 728 1792 781 duceret
1829 728 1855 780 I
1893 730 2015 792 419,
2056 729 2103 781 9.
2154 730 2328 782 fidelis
2365 730 2393 783 I
2431 732 2551 793 329,
2594 732 2645 786 7.

1569 817 1842 885 perfectus
1883 817 2070 870 doctor
2106 818 2343 882 uirtutis,
2373 820 2646 888 perfectus

1571 906 1801 974 sapienS‚
1853 906 1942 973 qui
1999 911 2054 958 et
2105 907 2266 959 uerbo
2320 908 2641 977 sapientiam

1569 993 1799 1047 tradidit
1828 997 1884 1047 et
1907 994 2205 1047 doctrinam
2234 997 2505 1063 praesenti
2536 998 2643 1050 uir-

1570 1086 1691 1135 tute
1770 1085 2109 1136 confirmauit
2162 1084 2190 1137 I
2245 1086 2364 1147 369,
2416 1087 2646 1147 7-377,

1572 1173 1654 1225 13.
1680 1174 1797 1235 723,
1825 1172 2084 1235 18-724,
2109 1176 2156 1226 6.
2181 1174 2370 1228 doctor
2397 1177 2643 1229 iustitiae

1570 1258 1594 1310 1
1648 1262 1768 1325 316,
1822 1261 1870 1314 8.
1924 1265 2146 1330 peccata
2197 1280 2304 1315 non
2344 1265 2582 1318 habebat
2618 1266 2646 1319 I

1571 1351 1691 1409 329,
1745 1353 1824 1404 15.
1872 1368 2001 1404 uera
2046 1352 2237 1420 religio
2286 1369 2520 1422 ueraque
2560 1372 2643 1408 sa-

1572 1439 1777 1506 pientia
1822 1440 1877 1492 in
1927 1439 2141 1493 Christo
2193 1445 2276 1494 est
2321 1441 2349 1494 Ι
2398 1443 2515 1504 722,
2558 1445 2647 1500 21.

1573 1526 1675 1579 dux
1722 1527 2033 1587 honoratus,
2085 1530 2177 1597 qui
2228 1530 2527 1583 uirtutibus
2586 1549 2649 1585 ac

1571 1615 1726 1668 bonis
1766 1618 1970 1685 praesit
1998 1617 2026 1670 I
2051 1617 2173 1681 488,
2207 1620 2253 1671 9.
2287 1619 2390 1671 dux
2418 1636 2648 1688 magnus

1574 1705 1801 1757 caelitus
1869 1706 2062 1758 missus
2129 1707 2157 1760 I
2220 1709 2341 1771 277,
2410 1709 2493 1761 23.
2546 1708 2651 1762 dux

1573 1797 1790 1845 sanctae
1840 1795 2071 1847 militiae
2121 1796 2148 1847 I
2200 1797 2318 1859 645,
2367 1797 2416 1851 9.
2457 1799 2652 1867 templi

1571 1883 1789 1935 maximi
1838 1883 2001 1936 ianua
2051 1888 2150 1946 est,
2203 1885 2337 1937 lucis
2390 1886 2495 1949 uia,
2547 1887 2650 1940 dux

1574 1972 1783 2033 salutiS‚
1842 1973 2039 2025 ostium
2096 1975 2243 2026 uitae
2300 1976 2327 2028 Ι
2384 1976 2505 2035 394,
2568 1976 2648 2030 10.

1576 2060 1779 2112 aeterni
1818 2061 2008 2130 templi
2047 2061 2340 2114 fabricator
2375 2063 2400 2115 Ι
2439 2064 2560 2127 325,
2601 2066 2651 2117 5.

1573 2152 1807 2200 metator
1843 2149 2033 2217 templi
2064 2149 2150 2202 dei
2179 2150 2206 2202 I
2235 2151 2356 2207 307.
2389 2152 2469 2203 10.
2510 2155 2651 2204 tem-

1574 2237 1721 2306 plum
1781 2255 1976 2292 nouum
2034 2237 2280 2291 condidit
2335 2238 2363 2291 I
2419 2240 2540 2301 376,
2602 2240 2648 2291 1.

1577 2326 1748 2379 diuini
1778 2330 1832 2379 et
1856 2326 2158 2380 inmortalis
2187 2327 2381 2395 templi
2404 2327 2657 2380 conditor

1574 2415 1628 2467 ΙΙ
1668 2416 1750 2477 70,
1785 2415 1867 2467 11.
1905 2416 2019 2483 ipse
2050 2431 2235 2467 uerum
2269 2415 2357 2468 dei
2385 2417 2651 2485 templum

1575 2504 1602 2557 I
1639 2505 1759 2566 349,
1801 2502 1884 2560 17.
1926 2506 2113 2573 pastor
2138 2504 2163 2556 1
2195 2504 2315 2565 311,
2350 2507 2433 2560 15.
2473 2505 2650 2574 legem

1577 2610 1673 2662 per
1690 2594 1910 2661 Moysen
1943 2593 2124 2646 datam
2155 2593 2320 2646 soluit
2347 2611 2656 2662 nouamque

1578 2681 1730 2734 dedit.
1777 2682 1800 2733 1
1850 2682 1971 2746 343,
2020 2683 2068 2734 5.
2118 2682 2345 2743 9—345‚
2398 2683 2478 2735 10.
2530 2672 2653 2745 347,

1577 2772 1624 2824 6.
1678 2772 1797 2832 717,
1836 2772 1921 2823 26.
1972 2770 2150 2838 legem
2187 2788 2296 2823 non
2336 2773 2518 2836 soluit,
2560 2772 2660 2824 sed

1577 2858 1824 2928 impleuit
1879 2859 1906 2911 Ι
1964 2860 2082 2921 717,
2141 2860 2225 2912 27.
2291 2876 2461 2912 nouae
2515 2860 2654 2928 legis

1576 2948 1720 3000 lator
1779 2949 1800 3001 1
1859 2948 1979 3011 714,
2036 2950 2120 3001 25.
2179 2949 2353 3016 legem
2414 2948 2653 3001 diuinam

1577 3036 1805 3089 tradidit
1841 3036 1996 3089 nobis
2034 3037 2150 3105 ipse
2192 3037 2437 3090 dominus
2476 3038 2501 3090 I
2534 3039 2653 3098 737.

1578 3125 1627 3178 8.
1687 3126 1803 3193 ipse
1871 3128 1998 3179 uiua
2066 3144 2424 3196 praesensque
2489 3128 2574 3181 lex
2629 3127 2662 3180 Ι

1579 3216 1700 3280 345,
1740 3215 1789 3268 8.
1831 3216 1953 3278 375,
1992 3217 2076 3271 21.
2118 3216 2359 3269 sabbatis
2407 3233 2514 3269 non
2564 3233 2656 3268 ua-

1582 3305 1727 3357 cauit
1765 3321 1990 3372 operans
2029 3305 2082 3357 in
2124 3306 2352 3358 salutem
2382 3305 2658 3356 hominum

1578 3392 1603 3444 I
1644 3394 1765 3452 343,
1806 3395 1853 3445 6.
1895 3394 2014 3456 717,
2064 3394 2149 3446 27.
2200 3393 2658 3446 circumcisionem

1579 3480 1883 3533 uacuefecit
1919 3481 1946 3533 I
1985 3480 2104 3544 343,
2147 3482 2191 3534 7.
2238 3482 2356 3544 345,
2393 3480 2659 3545 11-348,

1581 3570 1629 3624 3.
1672 3568 2056 3621 abstinentiam
2096 3569 2285 3621 suillae
2318 3570 2491 3621 carnis
2531 3569 2654 3621 abs-

1579 3657 1712 3710 tulit
1777 3658 1802 3709 Ι
1868 3658 1988 3720 343,
2055 3657 2104 3709 8.
2162 3657 2282 3719 348,
2351 3658 2542 3711 3-22.
2602 3657 2659 3708 111

1580 3749 1810 3813 utroque
1875 3749 2204 3798 testamento
2269 3748 2503 3798 testator
2558 3761 2661 3797 nos

1582 3834 1806 3887 heredes
1856 3835 2008 3903 regni
2058 3835 2264 3887 aeterni
2301 3834 2432 3887 fecit
2468 3834 2495 3886 Ι
2535 3835 2661 3894 365,

1582 3925 1631 3979 3.
1689 3940 1888 3975 1101111111
1943 3927 2329 3976 testamentum
2385 3940 2481 3992 per
2539 3939 2661 3975 eum

1584 4012 1769 4064 datum
1806 4013 1834 4065 I
1873 4013 1992 4076 366,
2034 4012 2082 4068 6.
2131 4011 2377 4065 sacerdos
2425 4013 2596 4081 patris
2633 4011 2661 4063 I

1583 4102 1703 4164 394,
1754 4103 1803 4154 9.
1854 4100 2101 4153 sacerdos
2140 4104 2431 4169 perpetuus
2470 4100 2497 4152 I
2536 4100 2664 4159 329,

1584 4190 1633 4245 9.
1684 4190 1798 4242 eius
1856 4189 2213 4242 sacerdotium
2274 4189 2660 4258 sempiternum

1584 4278 1610 4329 Ι
1658 4279 1780 4341 325,
1833 4279 1879 4330 7.
1933 4279 2014 4331 15.
2063 4278 2208 4330 inter
2256 4276 2411 4329 deum
2461 4279 2516 4328 et
2562 4276 2666 4327 ho-

1583 4367 1780 4420 minem
1844 4366 2054 4419 medius
2118 4366 2461 4428 constitutus
2522 4364 2668 4417 unde
