3132 5043
510 468 640 529 216
1051 463 1153 515 De
1207 460 1600 514 mortibus
1657 462 2257 528 persecutorum

511 678 635 722 non
684 678 719 722 a
766 657 1007 740 coquiS,
1059 655 1169 720 sed
1218 675 1253 718 a
1300 654 1735 718 sacerdotibus
1787 653 1864 716 ad
1912 671 2050 715 aras
2097 652 2577 717 immolarentur
2623 651 2805 715 nihil-

513 785 633 846 que
681 782 938 845 prorsus
986 781 1244 826 mensae
1292 761 1713 843 adponeretur
1759 760 1882 823 nisi
1932 761 2043 822 aut
2082 758 2432 822 delibatum
2472 761 2583 822 aut
2620 760 2799 822 sacri-

512 871 771 935 ficatum
830 874 941 935 aut
993 869 1324 951 perfusum
1380 888 1574 944 mero,
1632 870 1708 930 ut
1763 866 2053 948 quisquis
2112 865 2187 929 ad
2257 885 2471 930 cenam
2538 869 2799 929 uocatus

515 978 706 1054 esset,
755 977 1124 1058 inquinatus
1181 976 1324 1039 inde
1382 977 1572 1057 atque
1627 974 1917 1057 impurus
1965 973 2177 1037 exiret.
2272 973 2332 1036 in
2385 972 2609 1038 ceteris
2659 992 2802 1054 quo-

516 1104 637 1167 que
684 1082 975 1167 magistri
1024 1082 1124 1147 sui
1174 1081 1423 1146 similis
1474 1101 1618 1144 narn
1669 1081 1723 1143 si
1772 1079 1924 1161 quid
1973 1079 2200 1160 reliqui
2248 1079 2354 1143 uel
2400 1078 2656 1143 Diocles
2702 1078 2801 1142 uel
2866 1105 2892 1144 ⁵

514 1191 936 1256 Maximianus
984 1187 1384 1270 reliquerant,
1435 1188 1538 1251 hic
1588 1187 1825 1250 abrasit
1871 1188 2006 1250 sine
2053 1186 2185 1251 ullo
2233 1186 2472 1269 pudore
2521 1185 2799 1249 auferens

516 1297 743 1362 omnia.
837 1297 1052 1378 itaque
1100 1294 1323 1359 horrea
1369 1294 1762 1377 priuatorum
1803 1293 2279 1370 claudebantur,
2321 1293 2664 1375 apothecae
2704 1292 2800 1356 ob-

517 1405 950 1488 signabantur,
1003 1402 1214 1466 debita
1258 1401 1323 1464 in
1368 1400 1619 1464 futuros
1670 1418 1864 1463 annos
1923 1399 2351 1483 exigebantur.
2419 1399 2563 1463 hinc
2612 1399 2799 1463 fames

517 1511 686 1595 agris
734 1510 1107 1587 ferentibuS,
1155 1509 1304 1573 hinc
1355 1508 1585 1572 caritas
1634 1507 1936 1572 inaudita.
2033 1509 2458 1570 armentorum
2507 1525 2579 1570 ac
2629 1524 2802 1588 peco-

516 1638 659 1682 rum
699 1634 922 1700 greges
964 1634 1035 1679 ex
1074 1614 1241 1698 agris
1281 1613 1686 1695 rapiebantur
1724 1613 1801 1677 ad
1840 1613 2148 1678 sacrificia
2187 1613 2530 1677 cotidiana:
2582 1613 2801 1695 quibus
2838 1641 2889 1679 10

518 1742 670 1787 suos
720 1723 872 1786 adeo
914 1724 1299 1803 corruperat,
1338 1724 1412 1784 ut
1451 1722 1933 1803 aspernarentur
1970 1740 2300 1785 annonam.
2352 1723 2414 1784 et
2453 1716 2803 1785 effundebat

518 1830 758 1912 passim
807 1829 942 1892 sine
993 1828 1249 1903 dilectu,
1291 1828 1427 1891 sine
1474 1827 1682 1903 modo,
1726 1846 1868 1890 cum
1919 1827 2227 1890 satellites
2265 1827 2621 1905 uniuerSOS,
2662 1845 2801 1908 quo-

519 1957 662 2000 rum
707 1956 1005 2000 numerus
1054 1936 1274 2020 ingens
1326 1939 1478 2012 erat,
1519 1935 1815 2017 pretiosis
1854 1935 2146 1998 uestibus
2188 1937 2253 1998 et
2291 1934 2496 1998 aureis
2535 1934 2802 1997 nummis

521 2047 926 2127 expungeret,
985 2042 1291 2127 gregariis
1360 2045 1423 2106 et
1485 2042 1795 2107 tironibus
1864 2047 2194 2125 argentum
2260 2042 2454 2116 daret,
2515 2042 2802 2105 barbaros

524 2150 694 2214 omni
742 2169 966 2233 genere
1015 2149 1369 2233 largitionis
1411 2150 1766 2213 honoraret.
1859 2168 2003 2212 nam
2046 2148 2212 2230 quod
2252 2147 2612 2211 uiuentium
2651 2148 2804 2211 bona
2841 2177 2885 2216 15

598 2490 623 2543 1
677 2489 907 2559 quoquis
953 2488 1010 2553 0,
1052 2505 1186 2544 corr.
1227 2488 1345 2542 Bal
1517 2490 1547 2541 5
1598 2488 1875 2559 magistris
1916 2489 2026 2542 suis
2071 2488 2332 2557 Cuperu8,
2371 2488 2497 2544 item
2534 2490 2809 2544 Bentleius

522 2581 556 2633 6
614 2580 944 2649 reliquerant
989 2579 1295 2632 Heumann
1342 2579 1463 2648 (qui
1508 2578 1702 2646 reliqui
1760 2578 1879 2641 del„
1936 2579 2063 2632 item
2117 2578 2423 2645 Duebner),
2481 2580 2808 2648 reliquerunt

528 2668 602 2734 G,-
637 2667 883 2721 fecerunt
921 2682 1230 2735 anonymus
1258 2682 1317 2733 ρ.
1364 2669 1455 2729 58,
1493 2665 1592 2719 sed
1627 2668 1993 2720 Buenemann
2030 2665 2241 2730 confert
2277 2667 2469 2721 Plaut.
2514 2666 2645 2721 Uist.
2687 2668 2735 2719 V
2759 2671 2808 2734 2,

527 2758 565 2807 5
605 2758 755 2826 (786
793 2755 1031 2822 Schoell)
1072 2772 1213 2808 nunc
1260 2754 1405 2823 quod
1452 2754 1521 2807 ad
1568 2772 1684 2820 uos,
1724 2758 2073 2824 spectatoreS,
2113 2756 2369 2809 relicuom
2407 2756 2732 2826 relinquitur
2765 2763 2812 2809 et

525 2842 566 2895 I
592 2847 644 2906 3,
680 2846 758 2896 40
784 2846 947 2909 (188)
981 2842 1125 2911 quod
1160 2842 1417 2895 relicuom
1454 2846 1626 2897 restat
1701 2845 1731 2896 7
1771 2843 2136 2896 horreallllllllll
2169 2847 2235 2908 (5
2272 2844 2469 2897 hastae
2505 2862 2595 2908 er„
2634 2847 2748 2898 iam
2784 2862 2811 2897 a

519 2932 587 2984 in
624 2935 764 2998 ras.)
812 2931 857 2984 Ο
926 2931 958 2984 8
999 2930 1205 3000 debita]
1247 2931 1453 2984 tributa
1488 2933 1793 2985 Heumann
1916 2932 2077 2985 famis
2121 2932 2179 2999 0,
2218 2948 2353 2986 corr.
2393 2933 2510 2986 Bal
2582 2935 2614 2987 9
2641 2940 2806 2990 <non5'

525 3020 825 3074 ferentibus
863 3021 998 3087 Bal,
1036 3019 1362 3073 feriantibus
1403 3038 1713 3090 anonymus
1738 3038 1798 3089 p.
1838 3023 1929 3087 58,
1969 3021 2134 3073 etiam
2170 3021 2456 3075 Bentleius
2489 3022 2635 3090 lege,
2675 3022 2812 3089 agris

524 3109 864 3164 feriantibus
904 3109 967 3162 R.
1006 3109 1069 3162 B.
1104 3110 1329 3177 ascripS.
1453 3110 1513 3162 11
1556 3126 1681 3163 suos
1719 3110 2026 3175 ColumbuS,
2059 3126 2149 3162 eos
2185 3109 2242 3176 0,
2282 3109 2430 3177 quod
2456 3111 2653 3163 retinet
2678 3111 2815 3175 Bal,-

520 3199 727 3251 milites
763 3197 1088 3264 Heumann,
1127 3198 1331 3251 aulicos
1377 3199 1679 3252 Cellarium
1713 3205 1929 3253 secutus
1957 3198 2241 3253 Fm'tzsche
2384 3204 2815 3269 aspernarentur,

525 3287 622 3340 sed
656 3289 779 3339 rent
814 3286 876 3339 in
912 3301 1045 3352 raa„
1090 3285 1136 3338 0
1330 3288 1406 3355 et]
1450 3287 1551 3340 del.
1591 3287 1914 3355 Heumann,
1954 3303 2045 3340 aes
2083 3304 2204 3340 cum
2241 3287 2521 3342 Bauldrio
2559 3289 2817 3343 Duebner

521 3375 840 3429 effundebat
874 3375 1134 3443 Capetus,
1168 3375 1520 3429 effundebant
1554 3375 1623 3441 0,·
1653 3376 1988 3429 effunderent
2018 3377 2098 3430 ed.
2127 3377 2303 3430 Oxon.
2323 3380 2481 3431 1680
2592 3380 2658 3433 12
2695 3396 2814 3449 pas-

522 3465 649 3533 sim]
687 3464 971 3532 pecuniam
1008 3464 1331 3531 Heumann,
1367 3465 1465 3518 sed
1500 3466 1568 3532 cf.
1609 3466 2098 3532 Buenemannum,·
2140 3467 2271 3534 fort.
2311 3472 2495 3520 tamen
2539 3467 2675 3522 haec
2710 3484 2818 3522 uox

524 3581 729 3633 'excidit
874 3546 1074 3633 delicto
1105 3580 1234 3646 (sic)
1272 3580 1332 3646 C,
1370 3597 1507 3634 corr.
1537 3581 1657 3633 Bal
1804 3582 2070 3634 satellites
2110 3584 2227 3648 (uel
2264 3583 2493 3650 milites)
2525 3584 2606 3637 ed.
2645 3585 2813 3640 Ooeon.

525 3672 697 3734 1680,
734 3675 1024 3737 utrumque
1062 3669 1229 3722 etiam
1268 3670 1388 3732 alii,
1429 3669 1632 3723 milites
1661 3671 1946 3723 Bentleius
1983 3688 2209 3740 quoque,
2249 3673 2515 3726 satellites
2553 3679 2693 3727 recte
2729 3674 2814 3726 de-

507 3758 708 3824 fendit
752 3758 981 3819 TolliuS,
1020 3757 1146 3810 lites
1191 3758 1249 3825 0,
1270 3758 1436 3841 guod
1470 3758 1669 3812 retinet
1705 3759 1850 3826 Bal;
1888 3759 2085 3813 diuites
2132 3761 2402 3829 Cuperus;
2441 3761 2519 3815 ad
2554 3763 2816 3815 satellites

528 3847 596 3913 cf.
635 3846 828 3915 Rufin.
867 3847 944 3900 H.
976 3846 1125 3899 Eccl.
1166 3847 1328 3900 VIII
1357 3851 1429 3900 17
1467 3850 1522 3900 et
1561 3850 1658 3911 (sc.
1697 3848 2046 3916 Maximinus)
2086 3853 2298 3903 montes
2329 3852 2444 3904 auri
2474 3853 2536 3903 ut
2564 3851 2644 3905 ita
2674 3851 2815 3904 dixe·

522 3936 627 3987 rim
675 3939 1031 4005 congregatos
1083 3936 1442 3991 familiaribus
1482 3937 1593 3990 suis
1633 3955 1693 3991 ac
1733 3939 2061 3993 satellitibus
2099 3940 2438 4009 largiebatur
2476 3941 2701 4006 (Euseb.
2740 3939 2813 3993 H.

527 4023 678 4077 Eccl.
726 4024 889 4077 VIII
919 4029 1004 4087 14,
1042 4028 1103 4076 11
1140 4023 1394 4086 πλούτους
1427 4024 1642 4095 ἀθρόως
1680 4026 1767 4078 καὶ
1804 4029 2008 4097 σωροὺς
2045 4031 2331 4101 χρημάτων
2361 4035 2467 4090 τοῖς
2507 4027 2632 4099 ἀμφ’
2666 4029 2814 4082 αὑτὸν

520 4110 737 4173 κόλαξιν
778 4111 1061 4183 ἐδωρεῖτο).
1205 4113 1268 4167 13
1307 4115 1558 4184 nummis]
1602 4116 1814 4168 annulis
1852 4117 2113 4170 Duebner
2243 4119 2308 4171 14
2346 4122 2677 4187 expungeret
2720 4117 2818 4171 Co·

529 4201 745 4254 lumbus
783 4207 832 4254 et
874 4201 1118 4269 Cuperus
1157 4203 1427 4270 (explicat
1461 4205 1873 4273 Buenemann),
1916 4210 2283 4275 expungerent
2327 4206 2395 4273 0;
2433 4207 2700 4260 excoleret
2738 4206 2815 4272 (‘i.

527 4304 571 4342 e.
612 4287 982 4358 demulceret’)
1025 4291 1105 4345 ed.
1153 4291 1326 4345 oxon.
1366 4295 1537 4358 1680,
1578 4295 1817 4362 expleret
1859 4295 2091 4357 Polline,
2132 4297 2442 4366 expingeret
2479 4313 2600 4349 cum
2638 4296 2814 4349 Baul-

520 4374 653 4429 drio
690 4376 947 4430 Duebner
1060 4381 1124 4434 15
1163 4380 1472 4449 largitionis
1509 4383 1643 4446 Bal,
1680 4384 2064 4452 largitionibus
2110 4386 2156 4439 C
