3132 5043
542 372 812 436 XXXIV
1153 367 1521 423 Addenda
1579 374 1651 423 et
1708 368 2208 439 Corrigenda.

687 564 828 617 blatt
854 567 1007 617 1894
1026 581 1083 631 Ρ.
1123 567 1156 617 7
1165 566 1214 626 9,
1248 564 1344 617 sed
1368 564 1528 617 nobis
1554 564 1702 632 quod
1728 580 1848 618 cum
1866 564 2154 633 prioribus
2180 565 2496 633 scripsimus
2526 566 2831 631 detrahunt,

683 670 791 706 non
830 653 1005 704 minus
1032 659 1253 721 <quam>
1279 652 1494 705 illorum
1522 653 1709 705 uerius
1736 653 1975 718 uidetur,
2005 654 2269 720 quoniam
2290 653 2629 708 Lactantius
2656 656 2831 709 uerbis

681 757 791 793 non
835 740 1010 792 minus
1058 756 1163 807 eqs.
1209 756 1325 792 non
1368 740 1695 793 sententiam
1729 740 1908 807 plane
1943 756 2150 793 nouam
2189 740 2423 808 profert,
2462 741 2559 794 sed
2594 759 2660 795 ea
2697 760 2834 811 quae

685 843 726 883 c.
771 832 807 881 4
842 829 1237 896 explicauerat,
1277 829 1503 897 attinyit
1535 829 1845 897 repetitque.

547 935 597 987 p.
639 918 724 981 79,
767 919 812 971 1.
854 920 1025 971 certas
1064 934 1195 970 uoce
1235 921 1396 971 notas
1431 918 1753 986 Petschenig
1788 918 1923 972 ibid.

540 1025 592 1076 p.
645 1008 762 1071 117,
817 1009 860 1061 1.
909 1007 990 1060 ira
1038 1011 1093 1060 et
1144 1006 1360 1060 adfectu
1411 1023 1602 1060 censor
1652 1023 1977 1076 anonymus,
2027 1008 2182 1061 Neue
2241 1007 2440 1075 philol.
2490 1008 2831 1062 Rundschau

682 1099 833 1149 1893
878 1113 939 1164 Ρ.
998 1099 1135 1162 394,
1189 1097 1287 1149 sed
1329 1095 1718 1149 Buenemanni
1763 1096 2076 1150 coniectura
2122 1098 2233 1149 irae
2281 1095 2496 1149 adfectu
2538 1098 2635 1163 (cf.
2675 1098 2830 1150 etiam

684 1186 800 1238 eius
835 1187 1053 1250 notam)
1091 1186 1264 1238 multo
1300 1185 1658 1238 uerisimilior
1694 1189 1786 1238 est.

539 1291 590 1343 p.
634 1275 752 1337 121,
796 1274 877 1327 18.
916 1291 983 1327 ne
1021 1275 1223 1328 mentis
1261 1275 1415 1343 inpos
1456 1274 1586 1327 sibi
1625 1274 1743 1327 ille
1782 1274 2002 1343 aliquod
2040 1274 2362 1343 inexpiabile
2391 1273 2599 1327 facinus
2640 1274 2827 1327 admit-

680 1366 825 1417 teret
871 1379 1058 1417 censor
1105 1379 1413 1433 anonymus
1461 1363 1626 1427 (idem
1676 1363 1770 1430 qui
1806 1380 1867 1431 p.
1919 1367 2034 1425 117,
2084 1366 2156 1429 1),
2200 1363 2298 1416 sed
2344 1363 2528 1416 debuit
2578 1363 2829 1431 eaeemplis

681 1453 1053 1506 demonstrare
1104 1453 1208 1506 sibi
1263 1458 1363 1505 aut
1414 1469 1533 1506 cum
1580 1454 1736 1522 inpos
1786 1458 1886 1504 aut
1933 1469 2053 1505 cum
2101 1450 2414 1505 admitteret
2464 1457 2590 1519 (pro
2641 1451 2708 1505 ad
2752 1451 2827 1521 se)

680 1542 940 1612 coniunyi
964 1559 1152 1610 posse;
1189 1543 1282 1596 ille
1319 1559 1421 1596 nos
1458 1542 1870 1595 conieceramus.

536 1634 766 1702 p.132,
804 1633 896 1687 20.
929 1649 1034 1700 pro
1074 1626 1249 1686 ratum
1291 1634 1324 1685 Ζ.
1364 1633 1580 1685 iratum.

536 1740 587 1791 p.
631 1723 750 1785 135,
793 1725 839 1776 7.
880 1720 975 1775 sed
1020 1725 1238 1774 terrae
1287 1725 1495 1774 montes
1534 1721 1853 1789 Petschenig]
1891 1738 1949 1788 p.
1995 1724 2074 1773 82
2082 1723 2114 1773 5
2162 1727 2378 1774 secutus
2415 1720 2569 1773 codd.
2603 1736 2826 1788 yramm.

681 1812 732 1865 d.
774 1812 899 1864 dub.
929 1828 1073 1865 nom.
1104 1829 1165 1881 Ρ.
1204 1813 1322 1874 581,
1356 1816 1422 1862 12
1450 1810 1571 1875 (sed
1600 1812 1930 1877 trimontes)‚
1964 1811 2059 1862 scd
2088 1810 2242 1864 lectio
2269 1810 2512 1863 codicum
2538 1809 2829 1862 Phoenicis

679 1901 776 1954 sed
813 1904 1027 1953 nostros
1064 1904 1275 1954 montes
1317 1902 1502 1968 aptior
1538 1900 1775 1953 uidetur.

535 2010 586 2062 p.
629 1992 747 2055 138,
788 1993 872 2045 52.
923 1991 1260 2044 Sententiam
1306 2007 1500 2044 uersus
1557 1990 1854 2043 inlustrari
1892 1990 2121 2058 pictura
2158 1989 2448 2057 parietina-
2486 1988 2828 2055 Pompeiana

678 2098 820 2149 quae
856 2087 935 2134 est
972 2099 1060 2149 αΡ.
1100 2080 1451 2146 Roschevum,
1480 2079 1735 2132 Leoeikon
1763 2078 1813 2131 d.
1839 2078 2036 2146 qriech.
2067 2095 2121 2130 u.
2151 2083 2284 2130 ro'm.
2315 2077 2551 2145 Mythol.
2581 2078 2622 2129 I
2647 2079 2825 2142 2003,

676 2176 855 2224 monet
897 2171 1024 2225 Car.
1064 2169 1213 2233 Sittl,
1252 2171 1366 2223 Bet
1370 2171 1510 2222 liner
1535 2169 1735 2236 philol.
1782 2167 2159 2221 Wochenschr.
2199 2169 2354 2219 1893
2381 2184 2441 2233 Ρ.
2480 2169 2548 2218 14
2554 2169 2650 2218 23.

534 2280 585 2331 p.
628 2262 728 2315 147
771 2261 839 2314 ad
876 2279 926 2313 u.
970 2261 1088 2314 169.
1130 2261 1162 2313 l.
1203 2260 1405 2313 Auson.
1443 2260 1580 2313 Mos.
1623 2258 1723 2312 128
1761 2256 1893 2326 (pro
1936 2258 2075 2322 169).

530 2368 580 2420 p.
632 2352 751 2414 150,
800 2351 868 2405 50
922 2351 1204 2419 lignum..
1228 2348 1596 2415 .uenerabi1e]
1650 2347 1811 2415 Verg.
1869 2348 2000 2401 Aen.
2057 2345 2163 2399 XII
2220 2347 2341 2401 767.
2379 2343 2637 2397 Prudent.
2696 2345 2823 2412 Psy-

673 2440 842 2493 chom.
880 2440 1003 2493 408.

528 2549 579 2601 p.
622 2532 739 2585 160.
778 2531 914 2584 Post
948 2530 1264 2599 fragmenta
1302 2528 1598 2582 Lactantii
1640 2527 2050 2579 commemorari
2085 2531 2310 2593 poterat
2346 2524 2662 2585 Baluzium‚
2710 2523 2823 2575 Mi-

668 2622 1062 2674 scellaneorum
1108 2618 1277 2671 Liber
1320 2615 1606 2679 secundus,
1639 2614 1841 2668 ‘Pari-s.
1891 2617 2043 2666 1679
2087 2631 2146 2681 Ρ.
2203 2617 2296 2673 46,
2338 2615 2514 2667 Iocum
2551 2612 2822 2681 quendam

670 2709 972 2777 Auyustini
1020 2708 1133 2775 (De
1179 2707 1329 2760 cinit.
1381 2706 1470 2758 dei
1519 2706 1643 2757 XX
1687 2721 1727 2757 c,
1772 2707 1869 2769 30,
1906 2704 2018 2756 uol.
2059 2703 2136 2755 II
2160 2720 2220 2770 p.
2267 2704 2401 2765 486,
2441 2703 2614 2754 1-15
2651 2701 2822 2754 Dom-

671 2800 798 2851 bart
819 2796 882 2862 2),
922 2813 1074 2864 quem
1119 2796 1338 2848 nomine
1385 2794 1628 2847 auctoris
1674 2798 1942 2846 carentem
1988 2793 2052 2844 in
2098 2791 2278 2844 codice
2320 2791 2630 2845 Colbertino
2669 2790 2823 2842 1095

671 2889 764 2955 (ef.
797 2885 1136 2939 ‘Elenchum'
1166 2889 1299 2951 post
1325 2885 1789 2951 Praefationem)‚
1818 2885 2125 2946 inuenerat,
2154 2889 2218 2935 ut
2243 2882 2516 2935 Lactantii
2555 2880 2822 2948 fragmen-

668 2978 785 3027 tum
824 2974 888 3026 de
929 2976 1161 3026 extremo
1201 2969 1401 3024 iudicio
1441 2971 1688 3026 edidisse.
1729 2971 1992 3024 Errorem
2029 2970 2259 3023 editores
2293 2969 2409 3021 iam
2446 2968 2664 3037 pridem
2692 2983 2818 3034 per-

667 3069 975 3132 spexerunt.
1014 3062 1198 3114 Locus
1233 3060 1330 3113 ille
1366 3060 1528 3112 etiam
1555 3060 1619 3111 in
1650 3059 1782 3112 aliis
1807 3059 2199 3112 recentioribus
2228 3057 2502 3111 codicibus
2530 3055 2822 3108 Lactantii

669 3158 842 3206 extat.-
884 3153 952 3218 cf.
992 3150 1073 3203 Le
1109 3151 1275 3203 Brun
1312 3156 1362 3202 et
1397 3150 1638 3218 Lenylet,
1679 3149 1803 3202 edit.
1844 3148 2003 3201 Lact.
2033 3149 2074 3200 I
2086 3164 2147 3215 p.
2185 3150 2302 3200 592
2312 3165 2332 3213 ;
2368 3144 2659 3205 Fritzsche‚
2693 3143 2817 3196 edit.

668 3241 831 3294 Lact.
868 3242 946 3294 II
973 3257 1028 3308 Ρ.
1072 3244 1194 3294 286
1234 3240 1365 3293 adn.
1412 3243 1462 3293 7.

610 3368 724 3432 Ad
770 3367 1032 3451 partis
1081 3368 1143 3430 II
1191 3366 1693 3430 fasciculum
1743 3369 1802 3430 2.

525 3509 576 3561 p.
619 3492 738 3553 175,
788 3490 835 3543 6.
875 3490 1153 3543 interfecit
1178 3489 1414 3557 proprio
1451 3503 1615 3542 sensu
1651 3488 1793 3540 idem
1831 3504 1940 3540 esse
1976 3486 2124 3554 quod
2161 3484 2343 3554 gladio
2382 3481 2657 3535 interfecit
2692 3479 2819 3532 uult

671 3580 730 3634 O.
769 3578 981 3641 Keller,
1021 3579 1085 3634 Z.
1128 3579 1225 3631 lat.
1266 3577 1651 3646 Spraehyesch.
1691 3576 1770 3628 II
1803 3577 2005 3643 (1895)
2044 3593 2096 3643 Ρ.
2143 3578 2209 3626 61
2248 3573 2378 3628 adn.
2418 3571 2511 3639 (F.
2553 3569 2814 3635 Schoell).

525 3688 577 3739 p.
620 3670 737 3734 175,
781 3670 863 3722 16.
892 3668 1198 3737 <tempora>
1223 3667 1339 3720 iam
1375 3667 1605 3735 Lenytet
1642 3665 1960 3719 coniecerat.

521 3776 584 3828 p.
626 3758 751 3827 182,
789 3759 846 3811 8.
888 3755 1301 3825 corrumpendas
1346 3755 1598 3806 mulieres
1651 3753 1780 3808 Car.
1828 3752 2097 3821 Weyman
2142 3769 2207 3805 ex
2253 3768 2294 3805 c.
2347 3753 2443 3813 27,
2489 3754 2524 3802 6
2561 3752 2637 3815 (p.
2679 3751 2815 3811 204,

666 3849 790 3912 20),
829 3846 975 3913 quod
1008 3845 1379 3912 recipiendum
1416 3842 1654 3896 uidetur.

522 3953 574 4005 p.
615 3937 735 4000 220,
778 3936 861 3990 17.
910 3933 1210 4002 clibanarii]
1258 3934 1354 3985 Ad
1397 3931 1543 3984 hanc
1581 3933 1950 3985 coniecturam
1994 3948 2153 3982 suam
2192 3927 2580 3996 explicandam
2619 3925 2818 3993 confir-

662 4024 1031 4090 mandamque
1066 4022 1334 4088 Alfredus
1373 4039 1409 4073 a
1446 4021 1866 4086 Domaszewski,
1906 4037 2059 4086 quem
2095 4019 2279 4071 uirum
2319 4018 2536 4070 doctum
2562 4014 2643 4068 rei
2669 4014 2818 4067 ‘mili-

616 4147 619 4150 -
663 4114 803 4166 taris
850 4112 1145 4166 Romanae
1185 4110 1581 4178 peritissimum
1633 4127 1741 4163 esse
1792 4114 2023 4171 constat,
2073 4109 2208 4160 haec
2255 4109 2317 4160 in
2362 4123 2521 4159 usum
2566 4110 2820 4157 nostrum

663 4201 918 4253 beneuole
956 4200 1267 4266 conscripta
1305 4199 1464 4252 nobis
1502 4199 1771 4252 tradidit:
1805 4198 1957 4251 Inter
1991 4214 2241 4251 numeros
2280 4195 2550 4266 palatinos
2582 4193 2676 4261 qui
2715 4193 2817 4245 sub

662 4290 1002 4343 Diocletiano
1053 4292 1297 4340 ueterum
1346 4288 1806 4356 praetorianorum
1855 4289 2035 4356 partes
2074 4287 2441 4355 susceperunt,
2480 4283 2653 4351 primo
2693 4281 2819 4335 loco
