3132 5043
519 382 659 455 '398
1351 388 1591 442 Index
1647 388 2059 443 uerborum

601 581 918 644 11111271,
981 581 1062 635 10.
1121 580 1290 634 fuerit
1345 580 1679 634 abutendum

515 690 522 693 ·
603 670 629 723 I
659 672 745 737 23,
775 673 823 724 6.
846 701 912 709 -
932 670 1138 739 infinit.
1158 671 1304 738 perf.
1326 686 1481 738 pase.
1512 669 1679 722 fuisse

603 762 760 813 natas
780 759 835 813 11
856 760 941 822 22,
972 760 1021 812 6.
1054 759 1240 827 (aliud
1265 766 1344 814 eet
1370 762 1679 813 excaecatos

603 846 771 900 fuisse
826 851 880 900 et
929 848 1109 901 furore
1166 852 1438 918 correptos
1491 848 1519 900 Ι
1557 848 1680 908 360,

608 937 690 989 10.
732 937 828 1003 αῖ.)
870 967 935 976 -
982 936 1189 1005 infinit.
1225 938 1339 1005 fut.
1379 953 1535 1006 pass,
1588 936 1680 1002 (cf.

606 1024 852 1088 Brandt,
872 1025 1100 1077 Archia.
1124 1026 1370 1094 lexicoyr.
1390 1031 1440 1078 et
1454 1041 1681 1093 yramm.

610 1112 707 1165 zat.
758 1112 836 1165 Π
880 1115 1015 1167 349.
1064 1113 1178 1166 111
1223 1099 1360 1182 45'7)
1411 1114 1613 1167 datum
1659 1112 1685 1165 1

610 1201 730 1264 343,
792 1202 873 1254 14.
934 1201 1273 1255 dissolutuiri
1327 1202 1355 1254 Ι
1412 1204 1531 1265 623,
1599 1203 1682 1257 22.

523 1323 528 1330 ·
612 1289 942 1357 generatuiri
980 1289 1006 1342 I
1045 1291 1166 1351 321,
1208 1292 1255 1344 9.
1295 1291 1592 1344 inuentuiri
1632 1292 1687 1344 11

615 1378 732 1440 101,
775 1378 857 1431 17.
898 1379 1135 1432 missuini
1172 1379 1200 1432 I
1238 1381 1357 1444 640,
1401 1382 1482 1434 19.
1511 1381 1686 1433 nomi-

457 1531 468 1541 ·
525 1498 529 1502 -
612 1467 816 1520 natuiri
853 1467 880 1521 I
918 1468 1003 1532 23,
1041 1470 1090 1521 4.
1133 1469 1463 1538 oppressuiri
1500 1470 1528 1522 I
1570 1470 1687 1532 178,

616 1557 664 1608 7.
703 1556 1014 1624 perfectuiri
1050 1558 1078 1611 I
1117 1559 1236 1619 267.
1280 1560 1361 1611 14.
1401 1557 1691 1612 sublatuiri

617 1647 642 1698 Ι
694 1646 815 1706 634,
874 1647 953 1700 19.
997 1634 1059 1685 -’
1101 1647 1373 1701 desertum
1425 1647 1491 1700 iri
1541 1648 1599 1701 ΙΙ
1636 1647 1692 1701 Μ

533 1764 536 1769 -
617 1734 738 1799 227,
793 1736 875 1792 13.
930 1767 997 1773 -
1037 1741 1462 1790 consummatum
1514 1737 1629 1790 fore
1666 1739 1693 1791 Ι

619 1823 740 1885 366,
799 1825 846 1880 7.
907 1855 968 1863 -
1016 1825 1286 1892 formae
1334 1828 1692 1894 periphra-

531 1927 536 1932 ·
617 1912 859 1966 eticae.-
910 1915 1048 1967 coni.
1089 1916 1208 1981 fut.
1262 1915 1407 1983 quod
1454 1915 1695 1969 futurum

622 2004 766 2053 esset
815 2004 873 2053 ut
915 2003 1249 2071 (pelleretur)
1290 2004 1318 2057 I
1356 2004 1441 2067 50,
1485 2005 1566 2057 17.
1606 2005 1694 2057 in-

610 2090 761 2157 finit.
818 2091 924 2157 fut.
961 2096 1087 2146 ἀοῖ.
1144 2094 1379 2160 (formae
1427 2093 1699 2161 simplices

622 2181 964 2247 accepturum
987 2196 1102 2232 esse
1119 2180 1522 2247 frequentiores
1543 2187 1693 2246 sunt)

621 2266 861 2320 futurum
893 2270 1056 2333 (esse)
1088 2271 1151 2320 ut
1182 2269 1492 2337 (acciperet)
1521 2270 1548 2322 Ι
1576 2271 1697 2332 328,

537 2372 540 2377 ·
624 2357 672 2409 6.
715 2355 837 2420 367,
875 2356 961 2409 20.
1003 2356 1124 2419 378,
1168 2358 1249 2410 12.
1291 2358 1411 2421 714,
1461 2358 1544 2410 24.
1585 2357 1699 2411 fore

625 2448 685 2496 ut
740 2444 1051 2514 inrumpant
1105 2445 1134 2497 I
1193 2447 1274 2508 74,
1337 2447 1416 2499 17.
1475 2446 1588 2499 fore
1640 2452 1702 2501 ut

1805 580 1861 634 II
1897 579 1953 633 M
1991 582 2111 646 207,
2155 584 2236 636 11.
2277 583 2398 648 209,
2434 584 2514 639 18.
2554 584 2687 637 uelle
2720 584 2746 636 I
2779 584 2853 647 31.

1807 670 1891 722 22.
1917 669 1986 736 cf.
2015 686 2236 724 necesse
2267 674 2366 725 est.
2387 671 2720 740 potentialis
2744 673 2857 742 quid

1810 774 1936 825 ergo
1959 760 2298 826 sperauerint
2318 760 2382 813 de
2405 761 2516 813 suis
2531 760 2856 828 religionibus

1810 845 2041 900 Graeci?
2088 847 2114 900 I
2157 849 2276 910 725,
2317 848 2367 902 3.
2405 877 2474 886 -
2513 850 2574 901 ut
2611 848 2684 901 ita
2731 849 2856 902 dixe-

1810 936 1910 988 rim
1949 936 2007 988 11
2045 937 2129 1000 92,
2163 936 2245 990 10.
2275 967 2342 975 --
2382 937 2721 990 coneessiuus
2752 938 2857 990 reli-

1813 1026 1991 1092 querit
2028 1025 2159 1078 haec
2197 1041 2329 1078 sane
2365 1026 2393 1079 I
2432 1026 2516 1089 70,
2560 1025 2639 1078 10.
2687 1025 2859 1079 fuerint

1813 1113 2089 1183 sapientes
2108 1113 2166 1166 II
2185 1115 2272 1177 93,
2294 1115 2380 1167 23.
2413 1115 2568 1182 apud
2591 1115 2858 1167 relatiuam

1804 1216 1910 1270 per
1948 1202 2422 1255 assimulationem
2458 1202 2486 1254 Ι
2529 1202 2644 1267 183,
2679 1204 2722 1256 9.
2758 1203 2858 1263 390,

1818 1290 1899 1343 18.
1953 1289 2076 1351 438,
2131 1290 2215 1342 23.
2268 1290 2391 1354 442,
2447 1291 2529 1344 19.
2577 1292 2698 1355 454,
2744 1291 2786 1344 3.
2820 1294 2859 1344 5.

1814 1379 1936 1443 458,
1990 1379 2072 1432 10.
2120 1379 2243 1440 469,
2293 1379 2343 1432 8.
2392 1379 2514 1442 536,
2551 1380 2601 1431 4.
2643 1380 2860 1443 569,17.

1817 1469 1938 1532 696,
1981 1469 2062 1520 17.
2106 1467 2227 1530 737,
2270 1468 2351 1521 13.
2390 1467 2447 1520 Π
2488 1468 2576 1533 13,
2607 1469 2654 1521 2.
2683 1468 2737 1520 Μ
2764 1469 2860 1528 194,

1822 1556 1867 1607 1.
1892 1555 1965 1608 al.
1997 1549 2274 1624 praecepit
2301 1555 2619 1621 (Hercules),
2642 1558 2862 1608 ut-ute-

1819 1647 1969 1696 retur
1996 1643 2310 1713 (sacerdos),
2333 1644 2478 1713 quod
2500 1648 2590 1709 (sc.
2615 1644 2862 1701 Hercules>

1819 1737 2047 1802 negaret-
2112 1739 2244 1801 (pro
2310 1735 2557 1803 negauit)
2613 1734 2639 1786 Ι
2691 1734 2769 1796 85,
2824 1733 2862 1787 8.

1820 1822 1947 1875 item
1988 1839 2124 1892 quae
2165 1822 2371 1876 (liceret
2406 1822 2436 1874 I
2472 1824 2591 1886 201,
2631 1824 2676 1875 9.
2715 1853 2775 1859 -
2808 1821 2863 1887 cf.

1822 1911 2257 1964 ‘condicionalia
2304 1910 2615 1964 enuntiata'
2659 1927 2745 1965 cur
2776 1910 2865 1962 for·

1825 1999 1966 2052 sitan
2023 1999 2254 2052 fortasse
2306 2004 2594 2068 postquam
2646 1998 2866 2067 quamdiu

1827 2104 2148 2157 quamquam
2170 2089 2304 2157 quia
2325 2089 2651 2157 quicumque
2674 2087 2865 2156 quid(si)

1828 2177 2070 2245 quisquis
2110 2177 2256 2246 quod
2295 2177 2431 2233 siue.
2832 2182 2835 2185 ’

1757 2266 2033 2318 coniurare
2075 2264 2331 2318 aduersus
2373 2266 2617 2333 aliquem·
2644 2266 2671 2318 Ι
2693 2266 2801 2327 427,
2827 2265 2866 2317 8.

1829 2354 1876 2406 si
1922 2354 1987 2406 ab
2038 2354 2287 2407 omnibus
2334 2354 2389 2407 in
2437 2355 2610 2422 legem
2653 2354 2733 2407 dei
2767 2370 2865 2407 con·

1827 2443 2036 2495 iuratur
2071 2442 2099 2501 Ι
2135 2444 2258 2507 422,
2303 2443 2383 2499 18.

539 2563 545 2568 ·
624 2533 869 2603 (faceret)
919 2535 947 2588 I
994 2536 1114 2599 301,
1166 2536 1392 2590 20-22.
1443 2537 1565 2601 304,
1614 2539 1700 2590 20.
1760 2534 1996 2586 conlatio
2035 2533 2061 2585 Ι
2099 2534 2220 2596 422,
2263 2534 2345 2587 16.

537 2649 546 2657 «
628 2624 747 2685 324,
792 2624 874 2677 16.
915 2626 1038 2688 355,
1077 2626 1126 2678 4,
1168 2625 1288 2686 368,
1328 2627 1376 2678 3.
1419 2626 1539 2690 378,
1575 2628 1619 2679 1,
1654 2628 1700 2679 7,
1760 2620 2033 2674 conlidere
2073 2646 2139 2665 =
2184 2622 2329 2674 inter
2379 2638 2437 2675 se
2493 2621 2748 2675 conlidere
2794 2620 2868 2686 (cs.

628 2713 750 2775 380,
784 2713 865 2766 17.
895 2714 1016 2767 694.
1049 2714 1131 2766 13.
1164 2713 1369 2782 infinit.
1401 2714 1516 2781 fut.
1546 2732 1702 2783 pass.
1831 2710 2075 2772 Bra-nest,
2122 2710 2350 2763 Archia.
2394 2727 2624 2780 yramm.
2675 2715 2718 2762 et
2764 2709 2869 2761 lexi-

543 2828 550 2834 ·
629 2800 867 2853 futurum
922 2819 1037 2855 esse
1093 2805 1155 2854 ut
1204 2802 1513 2856 traderetur
1557 2804 1612 2856 11
1650 2806 1707 2858 M
1835 2815 1975 2868 coyr.
2036 2799 2132 2851 lat.
2193 2799 2356 2852 VIII
2406 2800 2540 2867 310)
2580 2798 2608 2850 Ι
2647 2799 2753 2860 135,
2804 2795 2869 2848 18.

544 2906 548 2909 ’
631 2889 750 2951 203,
804 2890 849 2941 1.
898 2890 1010 2942 fore
1057 2893 1121 2942 ut
1170 2891 1480 2960 (iudicetur)
1520 2894 1546 2946 I
1584 2896 1704 2958 626,
1834 2888 1889 2940 ΙΙ
1925 2887 2012 2951 88,
2056 2890 2102 2940 l·

545 2995 550 2998 ·
631 2978 680 3031 8.
721 2978 842 3038 642,
881 2979 929 3030 4.
972 2979 1091 3040 665,
1135 2980 1181 3031 7.
1222 2978 1337 3032 fore
1389 2984 1448 3032 ut
1497 2984 1707 3044 (nasce-
1764 2977 1993 3030 inuicem
2035 2976 2324 3044 conligatis
2365 2975 2578 3029 ossibus
2612 2975 2670 3028 ‘II
2708 2976 2779 3037 19,
2805 2973 2872 3027 20.

633 3069 800 3130 retur)
832 3066 860 3119 I
888 3067 1009 3130 301,
1050 3068 1134 3122 20.
1173 3068 1258 3120 22.
1299 3069 1418 3131 336,
1462 3070 1543 3122 11.
1586 3072 1707 3133 344,
1768 3067 2037 3135 conligere
2076 3065 2145 3132 cf.
2188 3065 2317 3118 coll-

634 3158 681 3208 5.
745 3156 825 3207 10.
893 3157 1011 3216 349,
1079 3157 1126 3209 9.
1193 3187 1259 3195 -
1325 3159 1713 3213 coniunctium
1768 3157 2044 3210 conlocare
2084 3155 2190 3207 sibi
2237 3152 2569 3209 domicilium
2619 3154 2647 3207 I
2690 3154 2796 3214 615,
2836 3150 2874 3203 3.

623 3244 816 3309 futuri
859 3245 902 3296 I
944 3244 1109 3298 uerbo
1161 3245 1360 3298 habere
1400 3246 1713 3313 somnatus:
1839 3244 1938 3298 deo
1987 3243 2251 3312 templum
2295 3243 2352 3296 Π
2399 3243 2457 3296 Μ
2500 3244 2617 3307 174,
2642 3244 2731 3304 ,17.
2764 3241 2813 3292 111
2843 3255 2875 3292 e.

551 3361 556 3366 ι
637 3331 879 3385 actiuum
933 3333 1106 3401 ipsum
1172 3333 1502 3403 praedixisse
1570 3337 1713 3405 quod

636 3420 900 3487 plurimae
947 3425 1127 3474 sectae
1176 3421 1438 3475 haberent
1486 3423 1713 3477 existere

636 3509 662 3561 Ι
701 3510 822 3573 394,
857 3510 938 3563 19.
967 3511 1264 3579 passiuum
1301 3515 1364 3564 ut
1402 3512 1715 3565 ostenderet

557 3627 558 3630 =
639 3597 784 3666 quod
841 3615 995 3651 carne
1051 3600 1204 3653 indui
1258 3601 1484 3654 haberet
1530 3602 1556 3653 I
1595 3603 1714 3664 313,

643 3686 725 3739 10.
775 3687 1014 3741 ostendit
1060 3689 1364 3758 (propheta)
1418 3689 1475 3742 id
1523 3693 1715 3754 (testa-

639 3781 900 3843 mentum)
953 3778 1097 3846 quod
1145 3795 1240 3847 per
1287 3777 1562 3831 Christum
1603 3779 1720 3832 dari

1840 3333 1950 3385 abl.
2000 3336 2082 3384 20
2116 3331 2241 3398 fere
2288 3329 2449 3396 loci85
2495 3330 2552 3382 in
2601 3331 2795 3382 centum
2835 3328 2876 3377 et

1840 3420 2037 3489 uiginti
2090 3419 2245 3472 annis
2298 3421 2499 3470 metam
2553 3413 2877 3471 conlocauitl

1844 3510 1961 3571 160,
2001 3510 2088 3561 24.
2134 3509 2191 3560 111
2240 3524 2466 3576 quorum
2516 3510 2611 3574 (sc.
2656 3504 2873 3565 hostium)

1841 3597 2091 3650 manibus
2140 3613 2231 3649 eos
2280 3595 2590 3648 conlocauit
2632 3594 2658 3647 1
2699 3593 2804 3653 476,
2839 3592 2874 3641 1.

1834 3692 1987 3754 part.
2055 3685 2365 3738 conlocatus
2431 3699 2542 3751 pro
2613 3677 2876 3750 participio

1843 3775 1999 3828 uerbi
2045 3790 2185 3827 esse:
2243 3773 2298 3826 in
2337 3772 2496 3825 bonis
2536 3764 2876 3825 caelestibusl

640 3865 882 3930 haberet,
950 3870 1376 3920 consummatum
1449 3867 1564 3921 fore
1634 3873 1721 3935 (ex
1847 3866 1965 3926 656,
2018 3865 2061 3916 1.
2121 3892 2188 3901 —
2244 3862 2480 3915 uirtutes
2535 3861 2672 3914 intra
2720 3859 2876 3927 pectus

648 3955 931 4025 Cypriano
977 3957 1019 4009 I
1063 3958 1155 4018 46,
1192 3960 1265 4008 17
1301 3956 1402 4022 H.)
1442 3956 1470 4009 I
1508 3957 1630 4021 366,
1671 3960 1716 4011 7.
1847 3951 2207 4005 conlocandae
2266 3981 2327 3989 —
2385 3952 2536 4003 extra
2587 3942 2876 4002 hominemI

572 4046 627 4097 in
669 4045 975 4113 coniugium
1017 4044 1603 4108 sibiuindicare135,
1636 4047 1717 4099 11.
1848 4044 1931 4105 75,
1989 4041 2040 4095 3.
2106 4040 2157 4091 4.
2224 4040 2366 4093 inter
2432 4038 2563 4093 deos
2624 4037 2650 4090 I
2710 4037 2784 4096 74,
2840 4031 2877 4084 l·

575 4135 856 4187 coniuncte
894 4133 922 4185 Ι
962 4135 1080 4192 712,
1121 4133 1169 4185 2.
1847 4130 1968 4193 687,
2009 4130 2094 4182 26.

576 4221 970 4274 coniunctiores
1010 4221 1033 4273 I
1072 4223 1193 4285 515,
1235 4223 1284 4278 5.
1779 4217 2107 4273 conluctatio
2147 4216 2175 4269 I
2212 4217 2297 4280 66,
2340 4216 2421 4270 13.
2511 4276 2515 4279 ‚

576 4311 965 4365 coniunctium
991 4317 1123 4378 post
1156 4312 1328 4364 uerba
1357 4317 1540 4379 potere
1572 4325 1720 4361 orare
1779 4309 2118 4362 conluctator
2154 4305 2211 4358 II
2249 4308 2298 4369 5,
2336 4307 2386 4359 6.
