3132 5043
484 460 616 523 346

1538 450 1777 505 Index

556 651 638 703 17.
681 649 745 703 cf.
776 647 1102 719 philosophi.
1135 676 1201 685 ——-
1233 645 1480 700 Christus
1511 662 1632 713 per·
1689 644 1952 697 Saturnus
2024 643 2052 698 1
2115 646 2201 708 45,
2271 646 2498 708 16-55‚
2568 645 2651 699 13.
2713 644 2825 706 685,

554 739 728 791 fectus
767 737 982 806 sapiens
1011 736 1038 789 Ι
1064 736 1184 798 371,
1219 736 1284 788 14
1315 752 1382 788 ss.
1415 734 1630 803 sapiens

551 828 786 880 iniustus
836 842 951 879 esse
990 841 1098 877 non
1136 827 1319 893 potest
1355 824 1382 877 I
1418 824 1540 886 457,
1581 823 1630 875 2.

557 915 639 969 18.
688 931 812 967 num
863 915 1133 983 sapientes
1181 912 1498 981 religionem
1547 911 1631 964 in-

552 1004 832 1056 stituerint
847 1003 903 1055 II
918 1004 1002 1066 93,
1025 1003 1104 1056 17.
1128 1004 1333 1070 septem
1356 1000 1632 1069 sapientes

554 1092 581 1145 Ι
632 1094 714 1154 16,
754 1093 803 1145 6.
849 1091 966 1154 138,
1008 1091 1089 1144 13.
1131 1090 1252 1153 276,
1294 1090 1342 1145 1.
1385 1090 1467 1142 11.
1508 1089 1630 1150 277,

554 1183 602 1235 3.
653 1181 773 1243 504,
825 1181 907 1233 18.
953 1179 1010 1233 ΙΙ
1061 1180 1147 1241 93,
1189 1179 1270 1232 14.
1311 1179 1397 1241 97,
1439 1177 1523 1230 10.
1564 1176 1630 1229 cf.

551 1268 923 1339 philosophus,

479 1359 775 1429 sapientia:
826 1358 941 1411 eius
987 1373 1181 1410 nomen
1225 1354 1255 1408 Ι
1292 1355 1413 1418 275,
1455 1354 1521 1407 13
1561 1370 1630 1406 ss.

553 1450 676 1513 276,
737 1448 820 1501 13.
881 1446 1010 1515 quid
1065 1446 1136 1499 sit
1185 1444 1214 1498 Ι
1268 1444 1387 1508 187,
1442 1444 1509 1497 10
1561 1460 1631 1496 ss.

555 1538 676 1596 197,
715 1537 764 1589 9.
803 1536 925 1597 203,
965 1538 1013 1588 5.
1052 1534 1175 1597 458,
1217 1534 1264 1587 1.
1305 1534 1419 1585 eius
1460 1531 1633 1584 domi-

552 1626 737 1680 cilium
786 1642 877 1678 cor
921 1623 976 1677 11
1023 1625 1109 1684 34,
1168 1623 1247 1675 17.
1289 1621 1392 1673 duo
1433 1619 1632 1689 gradus

551 1715 580 1768 1
632 1717 717 1780 94,
772 1716 856 1769 10.
912 1713 1104 1766 similis
1158 1714 1241 1765 est
1289 1710 1558 1764 stultitiae
1606 1709 1632 1760 Ι

553 1805 677 1858 277.
728 1805 809 1858 12.
860 1803 982 1865 284,
1034 1803 1115 1855 12.
1165 1802 1289 1864 437,
1329 1803 1355 1853 1
1400 1817 1468 1852 ss.
1508 1800 1630 1861 443,

556 1893 619 1946 14
674 1909 743 1946 ss,
796 1893 917 1955 505,
973 1892 1054 1945 14.
1109 1891 1251 1960 [606‚
1304 1890 1336 1942 2
1387 1888 1509 1941 adn.
1560 1905 1630 1941 cr.

551 1986 581 2044 ξ
631 1981 737 2049 16.]
785 1982 841 2033 in
889 1979 1062 2033 solum
1108 1979 1381 2032 hominem
1422 1976 1570 2031 cadit
1607 1975 1633 2028 Ι

553 2070 676 2132 458,
728 2070 774 2121 1.
815 2068 1084 2136 sapientia
1119 2067 1355 2120 humana
1391 2065 1417 2117 Ι
1455 2067 1504 2128 2,
1547 2066 1629 2118 19.

557 2159 675 2221 107,
724 2158 772 2210 9.
820 2156 944 2219 448,
997 2156 1077 2209 18.
1131 2154 1476 2225 philosophia
1523 2170 1630 2206 non

551 2249 636 2299 est
688 2245 981 2314 sapientia:
1042 2244 1107 2303 cf.
1147 2243 1509 2313 philosophia.
1564 2273 1629 2281 —

554 2336 650 2388 isti
725 2334 816 2403 qui
891 2334 1215 2402 sapientiam
1292 2331 1501 2401 capillis
1579 2334 1634 2384 et

552 2424 743 2478 habitu
774 2424 983 2476 iactant
1011 2423 1066 2475 ΙΙ
1094 2423 1214 2485 123,
1249 2423 1331 2475 17.
1363 2420 1633 2489 sapientia

551 2514 694 2567 falsa
747 2512 775 2566 Ι
834 2512 954 2579 178,
1011 2511 1078 2564 22
1134 2528 1202 2564 ss.
1260 2511 1382 2573 204,
1444 2510 1507 2563 17
1560 2526 1630 2563 ss.

552 2604 674 2665 699,
718 2603 799 2655 13.
842 2602 905 2654 de
945 2600 1083 2653 falsa
1122 2600 1390 2670 sapientia
1425 2599 1521 2652 lib.
1548 2598 1634 2652 III

552 2691 733 2744 Instit.
753 2691 1048 2758 inscriptus
1078 2692 1176 2743 est.
1207 2704 1337 2740 uera
1366 2686 1634 2756 sapientia

552 2798 586 2832 a
623 2779 883 2847 religione
923 2777 1112 2830 diuelli
1160 2794 1268 2829 non
1313 2778 1497 2845 potest
1541 2775 1634 2827 uel

555 2868 746 2936 religio
806 2870 889 2920 est
943 2866 971 2919 Ι
1026 2867 1077 2928 6,
1132 2866 1178 2917 7.
1237 2865 1355 2929 142,
1406 2865 1455 2917 9.
1508 2863 1629 2921 278.

552 2958 785 3018 2-284,
844 2957 892 3011 8.
948 2956 1071 3019 400,
1127 2955 1176 3007 8.
1229 2954 1350 3019 413,
1405 2957 1453 3008 5.
1508 2953 1629 3020 712,

558 3047 624 3100 10
677 3063 745 3097 ss.
788 3046 908 3108 725,
950 3045 1032 3097 12.
1072 3042 1129 3096 II
1168 3044 1252 3106 81,
1292 3044 1376 3096 20.
1418 3043 1502 3104 98,
1548 3042 1630 3096 11.

557 3137 676 3198 123,
729 3135 810 3188 13.
850 3150 979 3185 uera
1016 3133 1283 3202 sapientia
1320 3133 1375 3185 in
1415 3130 1629 3186 Christo

554 3227 638 3277 est
664 3222 693 3276 Ι
714 3223 833 3285 722,
857 3223 940 3274 21.
962 3222 1017 3273 in
1038 3220 1299 3288 religione
1323 3219 1631 3275 Christiana

553 3312 671 3364 sola
709 3314 958 3364 uersatur
994 3310 1020 3362 Ι
1051 3309 1171 3371 302,
1203 3309 1247 3363 1.
1288 3310 1342 3362 ΙΙ
1385 3309 1502 3374 123,
1546 3311 1627 3364 13.

554 3402 668 3454 eius
716 3400 918 3469 primus
969 3397 1168 3468 gradus
1216 3398 1244 3451 I
1281 3400 1401 3463 514,
1441 3400 1487 3452 2.
1530 3398 1626 3465 (8.)

555 3488 842 3558 (secundus
898 3488 926 3542 Ι
982 3488 1102 3551 514,
1160 3488 1232 3552 9.)
1293 3488 1406 3541 eius
1463 3487 1546 3540 uis
1603 3487 1630 3540 Ι

553 3581 675 3642 259,
726 3577 790 3631 19
839 3593 906 3629 ss.
958 3576 1072 3629 eius
1126 3593 1388 3629 summum
1426 3577 1628 3629 bonum

550 3668 580 3720 I
639 3668 755 3727 199,
815 3669 863 3719 5.
924 3664 989 3718 de
1049 3681 1175 3717 uera
1239 3666 1509 3734 sapientia
1575 3669 1630 3719 et

551 3756 815 3824 religione
861 3753 955 3806 lib.
1004 3753 1078 3806 IV
1115 3753 1297 3810 Instit.
1337 3755 1628 3824 inscriptus

554 3848 652 3898 est.
687 3874 750 3882 —
783 3842 850 3895 cf.
883 3842 1028 3895 deus,
1058 3843 1235 3896 homo.
1268 3844 1626 3913 philosophia.

479 3935 651 4004 Sapor
678 3950 770 3986 rex
797 3932 1079 3985 Persarum
1109 3932 1454 3986 Valerianum
1486 3934 1631 4002 cepit

553 4026 610 4074 et
646 4022 837 4074 inlusit
874 4021 929 4073 11
958 4021 1011 4072 Μ
1044 4022 1162 4084 178,
1195 4022 1275 4075 17.
1310 4023 1428 4084 183,
1462 4025 1509 4077 7.
1544 4024 1627 4077 10.

556 4127 685 4162 auus
722 4111 914 4164 Narsei
950 4110 1083 4163 ibid.
1127 4111 1243 4174 183,
1286 4115 1331 4167 7.
1377 4114 1454 4166 15.

481 4215 642 4266 sapor
677 4198 734 4250 11
770 4200 853 4261 36,
899 4201 977 4253 13.
1018 4200 1330 4269 uoluptates
1368 4203 1573 4272 saporis
1601 4202 1630 4255 Ι

555 4287 677 4347 564,
719 4288 907 4341 1-20.
949 4289 1069 4350 740,
1115 4291 1195 4343 16.
1238 4290 1321 4343 20.

485 4376 766 4428 Sarmatae
803 4375 858 4428 II
895 4377 953 4428 M
994 4379 1111 4442 187,
1155 4379 1235 4431 11.

1758 734 2050 797 26-686,
2125 736 2175 787 5.
2250 736 2358 803 [62,
2434 735 2546 803 24.]
2625 734 2824 803 quando

1757 822 1924 876 fuerit
1978 823 2006 876 I
2056 824 2163 892 [93,
2223 824 2295 892 5.]
2355 824 2442 888 94,
2504 824 2551 878 1.
2613 823 2728 885 161,
2781 824 2823 878 3.

1762 912 1903 981 [690,
1969 912 2079 979 25]
2146 913 2202 965 in
2270 912 2499 982 Olympo
2566 911 2827 965 habitauit

1758 1000 1786 1053 I
1842 1001 1964 1064 684,
2020 1002 2103 1054 21.
2161 1002 2274 1054 eius
2324 1000 2486 1054 liberi
2534 1001 2562 1055 Ι
2615 1001 2699 1063 37,
2753 1001 2823 1053 12.

1759 1090 1845 1152 39,
1904 1092 1953 1143 5.
2005 1091 2128 1154 432,
2184 1090 2267 1143 18.
2321 1088 2462 1143 filius
2513 1089 2760 1158 Iuppiter
2802 1088 2826 1140 1

1761 1180 1844 1244 14,
1887 1180 1968 1232 11.
2012 1180 2098 1241 37,
2135 1180 2186 1232 4.
2226 1180 2314 1243 40,
2353 1181 2439 1235 25.
2478 1179 2568 1242 43,
2613 1179 2693 1232 13.
2727 1178 2821 1247 [45.

1758 1269 1808 1323 4.
1851 1269 1956 1336 10.]
1997 1269 2118 1333 683,
2161 1269 2244 1322 10.
2285 1267 2550 1322 Saturnus
2582 1267 2648 1319 ab
2678 1283 2826 1319 uxore

1761 1356 1980 1411 delusus
2053 1357 2081 1410 I
2158 1358 2246 1421 39,
2331 1359 2378 1411 7.
2462 1373 2532 1410 ne
2615 1372 2826 1425 puerum

1759 1447 2070 1515 uagientem
2124 1445 2375 1499 exaudiat
2424 1444 2453 1498 Ι
2502 1445 2624 1509 690,
2674 1445 2721 1500 6.
2766 1445 2824 1497 ab

1758 1536 1891 1589 Ioue
1944 1535 2193 1604 expulsus
2244 1534 2299 1587 in
2351 1534 2567 1587 Latium
2617 1534 2763 1586 uenit
2803 1533 2825 1585 1

1761 1625 1847 1689 37,
1909 1626 1990 1678 16.
2047 1623 2170 1688 415,
2233 1624 2313 1678 10.
2373 1624 2494 1689 683,
2555 1624 2638 1677 10.
2703 1638 2823 1676 auus

1758 1714 1933 1767 Fauni
1989 1713 2016 1766 Ι
2071 1713 2159 1775 89,
2218 1713 2301 1769 11.
2359 1713 2479 1775 687,
2537 1712 2624 1765 24.
2689 1714 2824 1764 sator
2895 1715 2900 1719 ’

1760 1804 1998 1856 omnium
2075 1801 2296 1855 deorum
2359 1801 2386 1854 Ι
2448 1803 2536 1864 94,
2604 1802 2654 1857 2.
2718 1800 2820 1853 eius

1760 1892 1934 1944 cultus
1990 1892 2046 1942 et
2097 1889 2380 1955 sacrificia,
2407 1889 2436 1942 Ι
2483 1890 2568 1951 79,
2620 1890 2700 1942 15.
2745 1888 2819 1950 80,

1763 1982 1845 2034 11.
1896 1980 2000 2050 [81,
2050 1980 2125 2048 2.]
2175 1978 2260 2043 89,
2312 1979 2393 2033 11.
2444 1979 2531 2041 92,
2582 1979 2677 2031 19.·
2711 1976 2818 2038 687,

1759 2071 1845 2125 24.
1885 2070 2007 2133 688,
2046 2069 2131 2124 20.
2170 2068 2291 2131 689,
2331 2068 2379 2120 2.
2418 2070 2575 2136 pater
2610 2068 2819 2119 uocatus

1758 2159 1785 2212 Ι
1840 2158 1961 2221 280,
2019 2159 2069 2213 2.
2131 2158 2228 2226 [6.]
2286 2158 2444 2226 pater
2505 2155 2738 2208 omnium
2793 2153 2817 2205 Ι

1761 2247 1881 2310 388,
1936 2246 1984 2299 8.
2026 2247 2343 2301 uenationes
2383 2245 2433 2297 ei
2472 2243 2760 2296 attributae
2794 2243 2815 2295 I

1760 2338 1880 2399 561,
1941 2336 2022 2389 14.
2081 2336 2202 2398 741,
2260 2334 2348 2390 21.
2404 2332 2635 2386 Saturno
2684 2331 2815 2384 fictio

1756 2425 1990 2478 hominis
2073 2440 2181 2476 non
2254 2421 2545 2491 adsignata
2615 2421 2643 2475 Ι
2711 2419 2816 2482 283,

1762 2515 1844 2569 15.
1929 2513 2026 2568 sub
2114 2530 2176 2567 eo
2261 2529 2481 2566 aureum
2564 2509 2816 2564 saeculum

1758 2604 1786 2657 Ι
1841 2606 1928 2669 45,
1990 2604 2072 2657 19.
2144 2603 2230 2665 52,
2296 2603 2346 2656 9.
2415 2602 2498 2654 11.
2571 2601 2651 2653 18.
2709 2598 2815 2660 413,

1763 2696 1829 2748 14
1868 2711 1937 2746 ss,
1978 2693 2100 2757 660,
2142 2693 2224 2746 14.
2264 2691 2385 2753 691,
2426 2693 2477 2745 6.
2509 2705 2614 2759 quo
2643 2688 2814 2756 religio

1761 2787 1816 2836 et
1861 2782 2077 2835 iustitia
2125 2783 2182 2834 in
2226 2784 2373 2833 terra
2417 2778 2524 2831 fuit
2563 2778 2586 2830 1
2622 2778 2706 2840 45,
2744 2777 2813 2829 19.

1757 2874 1881 2935 413,
1925 2872 2005 2926 18.
2044 2870 2168 2933 418,
2210 2871 2291 2925 17.
2340 2868 2433 2937 qui
2475 2884 2537 2920 eo
2575 2867 2814 2935 regnante

1759 2963 2007 3015 uixerunt
2043 2962 2070 3015 Ι
2107 2961 2194 3024 37,
2235 2960 2284 3013 7.
2324 2973 2485 3011 uerus
2534 2955 2663 3009 deus
2708 2969 2815 3006 eum

1760 3049 2052 3103 antecessit
2105 3048 2134 3101 1
2190 3047 2313 3112 283,
2369 3048 2456 3102 22.
2523 3049 2647 3099 ante
2710 3059 2813 3096 eum

1756 3139 1939 3208 fruges
1991 3139 2048 3190 in
2096 3155 2198 3191 usu
2243 3137 2525 3190 hominum
2571 3134 2597 3187 I
2645 3133 2724 3196 70,
2771 3133 2813 3184 5.

1686 3243 1999 3280 scaenarum
2056 3227 2360 3297 corruptela
2413 3225 2442 3278 Ι
2497 3225 2618 3287 560,
2674 3222 2704 3276 3
2756 3237 2815 3274 ss,

1758 3317 1878 3378 742,
1936 3316 2015 3369 14.
2064 3314 2180 3368 ludi
2226 3314 2457 3368 scaenici
2503 3311 2530 3365 I
2578 3312 2693 3373 561,
2742 3309 2814 3361 16.

1758 3405 1878 3466 742,
1911 3405 1958 3457 1.
1988 3404 2262 3458 scaenicas
2293 3405 2435 3456 artes
2463 3400 2609 3454 domi
2635 3398 2815 3452 habere

1756 3493 1783 3546 I
1821 3495 1940 3557 562,
1981 3494 2029 3547 6.
2071 3525 2137 3532 -
2184 3493 2473 3562 primarum
2523 3502 2816 3543 scaenarum

1756 3584 1996 3636 actiones
2024 3582 2079 3636 II
2112 3584 2230 3648 156,
2262 3582 2345 3635 11.
2377 3577 2616 3633 secunda
2642 3590 2817 3630 scaena

1755 3671 1812 3724 ΙΙ
1853 3673 1970 3734 156,
2015 3671 2096 3724 18.

1685 3761 1936 3830 scapulae
1972 3760 2029 3813 Π
2066 3761 2153 3826 21,
2191 3763 2240 3814 5.
2280 3759 2365 3823 37,
2407 3760 2454 3811 2.

1686 3850 1944 3902 scientiae
1996 3851 2193 3901 natura
2246 3848 2397 3913 origo
2449 3846 2586 3898 fines
2636 3844 2665 3897 Ι
2713 3841 2818 3903 181,

1758 3939 1842 3991 13.
1884 3939 2003 4002 185,
2047 3937 2129 3990 18.
2173 3937 2291 4001 186,
2331 3937 2380 3990 8.
2424 3936 2543 3994 187,
2587 3934 2668 3987 11.
2711 3930 2817 3990 188.

1755 4028 1804 4080 2.
1857 4026 1973 4089 189,
2026 4026 2072 4078 1.
2124 4025 2242 4088 195,
2292 4026 2376 4080 21.
2429 4024 2548 4087 196,
2590 4023 2671 4076 19.
2708 4020 2818 4080 211,

1760 4117 1840 4169 12.
1894 4117 2012 4180 700,
2063 4117 2145 4169 11.
2197 4115 2316 4176 701,
2369 4114 2451 4166 15.
2494 4112 2613 4173 703,
2656 4110 2734 4164 11.
2771 4106 2822 4160 ΙΙ

1756 4206 1842 4268 51,
1894 4205 1977 4258 10.
2027 4204 2334 4257 diuinitatis
2381 4194 2466 4255 est
2513 4199 2738 4254 scientia
2770 4195 2820 4249 ΙΙ

1756 4293 1840 4356 68,
1880 4293 1930 4346 9.
1972 4293 2121 4358 (boni
2152 4295 2207 4345 et
2233 4294 2378 4357 mali,
2408 4290 2539 4345 boni
2572 4288 2817 4357 malique)

1755 4381 1884 4434 boni
1923 4399 1984 4436 ac
2012 4383 2141 4436 mali
2169 4382 2400 4437 scientia
2429 4374 2822 4448 (intellegentia
