3132 5043
221 1638 269 1673 10

1194 463 1408 516 iiber
1454 480 1497 518 ο.
1539 465 1735 519 9-11,
2484 472 2615 534 185

312 676 435 736 que
494 656 725 721 Caesar
778 656 1211 721 infiammatus
1272 659 1510 722 scelere
1569 659 1848 737 aduenit,
1898 663 1973 725 ut
2016 661 2098 724 ad
2154 663 2617 744 persequendos

312 762 709 828 Christianos
757 764 1094 846 instigaret
1143 784 1356 828 senem
1404 786 1661 843 uanum,
1714 768 1821 848 qui
1867 768 1992 831 iam
2040 769 2420 851 principium
2459 769 2620 834 fece-

308 874 429 931 rat.
484 871 671 933 cuius
718 871 948 934 furoris
998 870 1158 934 hanc
1210 890 1468 935 causam
1514 873 1716 936 fuisse
1764 874 2053 958 cognoui.

406 978 511 1040 11.
605 978 758 1066 Erat
811 971 1015 1041 mater
1071 977 1208 1041 eius
1273 979 1533 1042 deorum
1584 982 1896 1044 montium
1948 981 2194 1046 cultrix.
2265 1000 2425 1063 quae
2476 1001 2620 1045 cum

309 1085 487 1146 esset
524 1084 756 1147 mulier
794 1083 1136 1149 admodum
1177 1086 1643 1167 superstitiosa,
1677 1086 1945 1168 dapibus
1987 1088 2383 1152 sacrificabat
2419 1107 2618 1170 paene

310 1189 547 1253 cotidie
583 1209 654 1254 ac
691 1190 934 1255 uicanis
977 1192 1112 1255 suis
1153 1194 1371 1274 epulas
1413 1193 1765 1260 exhibebat.
1817 1194 2156 1258 Christiani
2196 1194 2617 1271 abstinebant,

310 1300 379 1358 et
434 1295 548 1359 illa
607 1316 750 1361 cum
809 1298 1112 1381 gentibus
1161 1301 1454 1381 epulante
1501 1300 1756 1363 ieiuniis
1806 1301 1873 1364 hi
1921 1304 1984 1389 et
2030 1301 2423 1365 orationibus
2469 1301 2619 1364 insi-

309 1403 592 1467 stebant.
686 1405 831 1468 hinc
891 1407 1182 1487 concepit
1239 1407 1455 1469 odium
1514 1407 1824 1471 aduersus
1883 1427 1991 1472 eos
2049 1427 2119 1471 ac
2174 1407 2375 1471 filium
2427 1427 2615 1471 suum

308 1529 435 1573 non
493 1511 706 1575 minus
768 1513 1284 1593 superstitiosum
1344 1514 1617 1594 querelis
1673 1514 2091 1577 muliebribus
2160 1515 2236 1578 ad
2301 1515 2616 1578 tollendos

309 1618 609 1682 homines
676 1619 993 1683 incitauit.
1090 1640 1238 1703 ergo
1296 1620 1511 1684 habito
1570 1621 1734 1684 inter
1790 1641 1856 1685 se
1911 1641 2025 1702 per
2077 1625 2280 1685 totam
2340 1622 2615 1685 hiemem
2674 1666 2686 1680 .

309 1725 585 1789 consilio
636 1745 780 1790 cum
827 1745 1010 1790 nemo
1053 1727 1495 1791 admitteretur
1543 1730 1608 1792 et
1654 1748 1868 1792 omnes
1910 1728 1985 1792 de
2025 1747 2274 1792 summo
2316 1732 2488 1791 statu
2527 1727 2617 1791 rei

305 1831 611 1911 publicae
652 1832 907 1896 tractari
948 1833 1420 1909 arbitrarentur,
1453 1834 1562 1897 diu
1603 1854 1788 1898 senex
1824 1835 2021 1898 furori
2061 1836 2197 1899 eius
2236 1835 2618 1918 repugnauit

308 1939 657 2002 ostendens
726 1959 913 2021 quam
979 1940 1407 2021 perniciosum
1477 1943 1651 2004 esset
1712 1941 2049 2023 inquietari
2116 1944 2331 2006 orbem
2392 1948 2613 2014 terrae,

245 2070 249 2075 ·
305 2045 498 2107 fundi
556 2046 928 2129 sanguinem
988 2047 1363 2123 mult01·um;
1430 2047 1578 2111 illos
1635 2047 1906 2111 libenter
1950 2049 2111 2112 mori
2159 2049 2387 2124 solere;
2458 2049 2613 2112 satis

212 2705 264 2748 '20

245 2177 268 2212 5
310 2171 457 2216 esse
509 2153 566 2215 si
611 2153 926 2234 palatinos
974 2156 1221 2217 tantum
1270 2173 1342 2217 ac
1388 2154 1629 2218 milites
1669 2155 1744 2218 ab
1787 2175 1859 2219 ea-
1893 2156 2195 2238 religione
2234 2156 2613 2238 prohiberet.

307 2279 431 2323 nec
478 2264 690 2324 tamen
744 2261 1072 2324 deflectere
1118 2263 1332 2344 potuit-
1376 2262 1745 2345 praecipitis
1793 2263 2068 2326 hominis
2107 2263 2436 2327 insaniam.
2483 2266 2615 2346 pla-

308 2367 453 2431 cuit
502 2387 648 2451 ergo
699 2368 1048 2432 amicorum
1096 2370 1477 2432 sententiam
1526 2370 1809 2451 experiri.
1902 2389 2047 2433 nam
2088 2373 2220 2433 erat
2257 2370 2446 2434 huius
2487 2391 2614 2434 ma·
2674 2384 2694 2397 ”

303 2475 519 2538 litiae:
572 2493 717 2539 cum
764 2474 998 2539 bonum
1050 2476 1201 2558 quid
1248 2475 1450 2540 facere
1498 2476 1909 2554 decreuisset,
1950 2476 2085 2541 sine
2124 2476 2387 2542 consilio
2425 2478 2612 2542 facie-

305 2583 442 2659 bat,
484 2585 557 2644 ut
606 2584 742 2663 ipse
788 2583 1173 2661 laudaretur,
1225 2601 1369 2646 cum
1419 2587 1633 2647 autem
1671 2584 1931 2660 malum,
1973 2583 2267 2664 quoniam
2306 2584 2371 2646 id
2407 2604 2611 2667 repre-

306 2689 716 2753 hendendnm
766 2690 1028 2766 sciebat,
1066 2690 1129 2753 in
1172 2690 1507 2754 consilium
1547 2690 1782 2754 multos
1824 2690 2194 2767 aduocabat,
2233 2693 2307 2754 ut
2344 2691 2610 2754 aliorum

306 2796 538 2876 culpae
599 2796 1061 2860 adscriberetur
1117 2796 1418 2878 quicquid
1474 2797 1612 2877 ipse
1672 2797 2041 2881 deliquerat.
2144 2796 2407 2860 admissi
2464 2817 2610 2881 ergo

304 2902 558 2966 iudices
614 2904 801 2983 pauci
861 2905 924 2965 et
978 2904 1166 2984 pauci
1231 2903 1558 2977 militareS‚
1625 2907 1700 2967 ut
1764 2903 2071 2986 dignitate
2137 2903 2609 2976 antecedebant,

303 3009 885 3091 interrogabantur.
974 3010 1227 3090 quidam
1302 3011 1553 3093 proprio
1630 3010 1935 3074 aduersus
2004 3010 2395 3075 Christianos
2467 3010 2609 3074 odio

303 3116 608 3179 inimicos
675 3116 933 3179 deorum
994 3120 1056 3179 et
1110 3118 1328 3180 hostes
1384 3117 1768 3200 religionum
1832 3118 2230 3200 publicarum
2293 3118 2609 3182 tollendos

487 3325 694 3379 LOCI
722 3325 1183 3379 AVCTORVM
1216 3327 1824 3381 EXPILATORVM
1859 3326 2201 3380 SIMILES
2377 3328 2444 3381 23
2484 3344 2605 3396 pro-

303 3414 654 3481 prio—odi0;
702 3415 819 3479 186,
859 3416 890 3467 2
931 3415 1021 3468 uel
1058 3416 1659 3485 timentes—uolentes]
1699 3417 1851 3469 Lact.
1891 3416 2027 3468 Inst.
2069 3416 2114 3469 V
2159 3417 2239 3478 11,
2284 3417 2367 3469 10.

378 3541 411 3591 2
453 3540 582 3608 quia
619 3539 900 3592 Fritzsche
1008 3540 1042 3592 4
1081 3539 1211 3592 deae
1256 3540 1536 3593 Graeuius
1682 3542 1927 3609 gentium
1965 3541 2254 3593 Bentleius
2399 3556 2606 3609 quae—

304 3629 695 3696 superstitiosa
738 3628 1032 3694 Gramina,
1083 3629 1275 3681 mulier
1322 3629 1612 3682 admodum
1660 3615 2059 3698 supersticio'sa.
2113 3629 2262 3693 Quae
2303 3645 2422 3681 curn
2463 3633 2608 3681 esset

313 3717 384 3784 Ο,-
423 3718 502 3770 ad
549 3734 686 3785 quae
727 3734 847 3770 cum
901 3722 1045 3770 esset
1089 3717 1305 3770 Tollius
1342 3719 1563 3771 ‘eaecidit
1600 3735 1796 3772 nomen
1832 3719 2002 3785 urbiS,
2039 3719 2183 3784 forte
2222 3734 2299 3769 cm
2338 3735 2404 3770 ea
2440 3718 2605 3771 Nico-

305 3806 490 3859 media
517 3806 718 3872 suerit’
829 3808 861 3858 5
900 3823 1070 3874 poene
1117 3806 1162 3859 C
1268 3807 1299 3858 6
1337 3807 1545 3860 uicanis
1593 3807 1816 3872 Tollius
1855 3807 2073 3860 uicariis
2110 3806 2156 3858 G
2298 3806 2483 3874 epulas
2523 3807 2604 3859 ed.

310 3896 488 3949 Oxou.
529 3897 704 3961 1680,
741 3895 869 3948 item
896 3896 1200 3962 BentleiuS,
1240 3896 1412 3964 epulis
1450 3896 1517 3961 0,·
1557 3896 1709 3949 aliae
1749 3896 1812 3948 de
1847 3896 1948 3949 hoc
1987 3898 2102 3949 loco
2141 3895 2486 3948 coniecturae
2515 3912 2604 3962 ap.

305 4010 654 4064 Bauldrium
743 4011 805 4063 11
847 4014 1027 4064 statu*
1070 4012 1116 4064 0
1201 4013 1267 4066 12
1304 4012 1482 4080 pblice
1522 4028 1587 4065 ex
1623 4013 1762 4079 plice
1800 4012 1846 4065 G
1887 4045 1890 4048 ι
1931 4013 1996 4065 15
2036 4014 2178 4064 esset
2214 4012 2270 4074 C,
2312 4027 2451 4064 corr.
2489 4011 2608 4063 Bal

309 4101 375 4152 17
412 4116 541 4152 nam
580 4099 717 4165 Bal,
755 4105 822 4152 no
870 4098 916 4152 G
1021 4101 1083 4152 21
1128 4101 1513 4153 asscriberetur
1555 4100 1603 4152 G
1716 4102 1783 4154 23
1821 4102 2037 4169 proprio
2079 4100 2334 4153 aduersus
2375 4098 2604 4153 Christi·

307 4205 440 4241 anos
488 4187 616 4241 odio
665 4188 783 4241 Bal
829 4189 923 4255 (cf.
974 4188 1132 4241 Lact.
1182 4189 1323 4241 Inst.
1383 4188 1436 4241 V
1474 4193 1551 4255 11,
1600 4193 1674 4242 10
1720 4207 1816 4242 suo
1864 4190 2077 4258 proprio
2128 4188 2386 4242 aduersus
2432 4180 2605 4241 iiffitos

309 4276 431 4330 odio
472 4284 523 4330 et
572 4277 789 4346 Proleq.
846 4278 976 4330 adn.
1035 4280 1112 4342 6),
1164 4278 1436 4346 proprium
1491 4278 1749 4331 aduersus
1802 4278 2138 4333 Christianos
2193 4277 2375 4331 odium
2419 4277 2477 4343 C,
2530 4277 2608 4329 ad

305 4367 454 4433 quod
490 4366 728 4418 Halmio
755 4366 894 4433 fort.
937 4369 1187 4434 gerentes
1223 4367 1594 4434 supplendum
1631 4368 1747 4421 uid.

363 4492 548 4532 xxvn.
580 4493 710 4532 ιω.
742 4495 783 4541 2,
816 4492 925 4531 fasc.
956 4494 997 4531 2.
2469 4472 2533 4524 13
