3132 5043
525 490 652 553 202
1066 484 1168 537 De
1222 481 1614 535 mortibus
1669 483 2274 552 persecutorum

522 683 683 744 hanc
731 698 934 761 usque
981 676 1280 761 prosiluit
1324 676 1654 753 insaniam,
1703 677 1776 738 ut
1824 675 1899 739 ab
1943 675 2060 738 hac
2101 673 2472 756 captiuitate
2511 692 2586 736 ne
2623 690 2815 755 popu-

523 788 659 852 lum
709 785 961 869 quidem
1003 785 1357 848 Romanum
1404 783 1540 846 fieri
1579 783 1778 846 uellet
1813 782 2160 846 inmunem.
2211 780 2658 844 ordinabantur
2693 779 2817 842 iam

420 901 451 954 3
527 894 873 958 censitores
923 892 1031 973 qui
1068 892 1333 955 Romam
1382 889 1566 954 missi
1606 888 2031 953 describerent
2066 888 2337 969 plebem.
2433 886 2655 951 eodem
2692 886 2818 948 fere

525 1005 806 1082 tempore
883 1000 1088 1063 castra
1162 1016 1411 1078 quoque
1477 995 1793 1078 praetoria
1859 996 2229 1059 sustulerat.
2305 993 2519 1075 itaque
2584 993 2820 1057 milites

525 1106 731 1187 pauci,
765 1105 871 1186 qui
909 1104 1248 1177 Romaevin
1289 1102 1514 1168 castris
1553 1102 1762 1166 relicti
1801 1104 1995 1179 erant,
2037 1100 2575 1183 opportunitatem
2613 1100 2823 1164 nancti
2881 1120 2912 1158 5

423 1248 508 1281 f.8b
530 1212 756 1278 occisis
807 1211 1189 1293 quibusdam
1235 1210 1557 1275 iudicibus
1606 1229 1728 1273 non
1775 1208 1978 1273 inuito
2028 1208 2289 1291 popu10‚
2325 1204 2331 1294 Ι
2366 1207 2472 1288 qui
2513 1209 2647 1270 erat
2684 1225 2826 1270 con-

420 1330 454 1381 4
530 1318 786 1396 citatuS,
835 1318 1228 1382 Maxentium
1274 1337 1616 1398 purpuram
1665 1316 2024 1380 induerant.
2137 1334 2260 1396 quo
2326 1313 2548 1378 nuntio
2616 1312 2825 1376 adlato

530 1427 928 1507 aliquantum
981 1425 1072 1489 rei
1129 1425 1409 1490 nouitate
1465 1424 1761 1488 turbatus
1820 1426 1918 1486 est
1974 1441 2089 1486 nec
2135 1424 2346 1486 tamen
2393 1421 2662 1485 nimium
2708 1424 2829 1484 ter-

529 1533 712 1598 ritus.
764 1537 828 1597 et
875 1532 1093 1598 oderat
1139 1531 1460 1596 hominem
1510 1534 1575 1595 et
1621 1534 1748 1595 tres
1789 1530 2090 1595 Caesares
2139 1531 2345 1594 facere
2393 1549 2514 1594 11011
2561 1530 2830 1610 poterat.

425 1648 456 1700 5
533 1641 689 1705 satis
737 1640 954 1704 uisum
1001 1643 1101 1704 est
1148 1638 1346 1703 semel
1391 1637 1621 1702 fecisse
1669 1638 1838 1719 quod
1875 1638 2100 1701 noluit.
2197 1635 2505 1701 Seuerum
2542 1635 2829 1710 arcessit,
2869 1654 2922 1694 ιο

531 1747 822 1811 hortatur
878 1746 957 1809 ad
1011 1745 1442 1828 recipiendum
1500 1745 1859 1827 imperium,
1908 1743 2111 1809 mittit
2167 1763 2310 1808 eum
2359 1762 2505 1807 cum
2554 1742 2832 1807 exercitu

531 1853 899 1917 Maximiani
948 1853 1025 1917 ad
1073 1852 1560 1936 expugnandum
1607 1852 2022 1929 Maxentium,
2073 1853 2137 1914 et
2185 1849 2388 1914 mittit
2432 1850 2720 1925 Romam,
2769 1847 2832 1910 in

535 1980 657 2042 qua
701 1959 941 2023 milites
991 1959 1088 2022 illi
1137 1959 1406 2022 summis
1456 1959 1703 2023 deliciis
1755 1958 2128 2041 saepissime
2179 1957 2422 2039 excepti
2467 1975 2590 2019 non
2644 1954 2830 2019 modo

427 2076 460 2128 6
537 2067 783 2130 saluam
831 2084 970 2129 esse
1017 2065 1197 2128 illam
1244 2066 1487 2143 urbem,
1529 2066 1644 2129 sed
1689 2065 1780 2129 ibi
1817 2065 2035 2129 uiuere
2076 2066 2383 2146 optarent.
2475 2062 2833 2127 Maxentius

536 2173 698 2236 tanti
761 2172 1056 2237 facinoris
1124 2172 1248 2236 sibi
1312 2172 1629 2251 conscius,
1686 2172 1839 2237 licet
1900 2172 2037 2235 iure
2103 2171 2474 2235 hereditatis
2540 2172 2835 2252 paternos
2877 2186 2930 2225 1⁵

536 2279 776 2344 milites
825 2278 1155 2344 traducere
1205 2279 1283 2343 ad
1332 2299 1400 2343 se
1445 2282 1687 2361 posset,
1737 2280 2023 2362 cogitans
2072 2282 2283 2342 tamen
2332 2277 2467 2341 fieri
2517 2296 2706 2358 posse
2765 2276 2838 2338 ut

537 2386 961 2450 Maximianus
1003 2405 1184 2450 socer
1219 2387 1284 2450 id
1322 2386 1537 2468 ipsum
1576 2390 1867 2451 metuens
1911 2384 2219 2450 Seuerum
2257 2385 2321 2448 in
2359 2385 2613 2467 Illyrico
2652 2382 2840 2447 relin-

539 2495 761 2575 queret
819 2497 1006 2576 atque
1066 2494 1205 2576 ipse
1255 2513 1402 2559 cum
1450 2513 1566 2559 suo
1619 2492 1900 2559 exercitu
1947 2492 2028 2557 ad
2076 2512 2142 2559 se
2193 2491 2685 2576 oppugnandum
2733 2508 2839 2554 ue-

541 2601 723 2678 niret,
774 2602 1116 2683 quaerebat
1172 2604 1484 2683 quatenus
1544 2621 1611 2666 se
1669 2621 1705 2665 3
1758 2600 2042 2683 periculo
2093 2599 2497 2682 impendente
2541 2597 2839 2663 muniret.

445 2718 474 2770 7
539 2707 705 2787 patri
755 2727 870 2771 suo
918 2712 1066 2789 post
1114 2707 1475 2789 depositum
1522 2708 1860 2790 imperium
1906 2707 1970 2770 in
2012 2706 2355 2789 Campania
2389 2706 2661 2770 moranti
2698 2724 2840 2786 pur·
2881 2721 2941 2763 20

540 2830 765 2892 puram
821 2813 1024 2876 mittit
1082 2818 1146 2876 et
1201 2813 1298 2877 bis
1354 2812 1725 2895 Augustum
1781 2814 2081 2877 nominat.
2158 2812 2267 2876 ille
2322 2831 2473 2876 11010
2525 2817 2589 2875 et
2634 2830 2842 2875 rerum

541 2937 848 2981 nouarum
899 2918 1168 3001 cupidus
1219 2923 1282 2982 et
1329 2919 1438 3000 qui
1487 2919 1869 3001 deposuerat
1912 2920 2180 2997 inuituS,
2227 2918 2503 2983 libenter
2558 2917 2839 2998 arripuit.

437 3042 468 3094 8
545 3022 818 3089 Seuerus
883 3024 1135 3089 interim
1201 3025 1383 3090 uadit
1449 3028 1512 3089 et
1577 3026 1654 3090 ad
1719 3046 1935 3091 muros
2002 3026 2177 3091 urbis
2236 3028 2516 3089 armatus
2577 3023 2839 3088 accedit.

546 3130 763 3194 statim
809 3130 1048 3194 milites
1099 3131 1368 3195 sublatis
1420 3132 1621 3216 signis
1672 3133 1906 3197 abeunt
1952 3134 2016 3197 et
2063 3151 2129 3196 se
2181 3132 2333 3208 <ei>
2391 3135 2609 3196 contra
2655 3149 2841 3212 quem

439 3258 469 3310 9
545 3238 865 3316 uenerant,
904 3237 1184 3302 tradunt.
1281 3238 1435 3319 quid
1471 3239 1756 3304 restabat
1792 3240 2042 3304 deserto
2082 3239 2207 3303 nisi
2245 3239 2439 3323 fuga?
2481 3238 2591 3302 sed
2632 3255 2842 3301 occur·
2883 3257 2945 3295 25

546 3344 725 3408 rebat
778 3344 903 3408 iam
958 3347 1285 3426 resumpto
1342 3345 1608 3428 imperio
1655 3345 2101 3422 Maximianus,
2151 3346 2334 3409 cuius
2390 3345 2670 3409 aduentu
2727 3345 2843 3407 Ra-

444 3472 508 3524 10
546 3469 819 3514 uennam
868 3450 1156 3534 confugit
1200 3450 1415 3532 ibique
1456 3469 1523 3514 se
1565 3469 1708 3514 cum
1746 3450 1969 3532 paucis
2008 3451 2326 3514 militibus
2364 3451 2644 3516 inclusit.
2739 3450 2845 3531 qui

621 3783 646 3835 1
693 3781 1024 3849 capitatione
1062 3783 1385 3850 Heumann,
1422 3784 1520 3837 sed
1555 3785 1626 3852 cf.
1666 3799 1708 3838 c.
1749 3787 1846 3851 23,
1885 3790 1916 3837 1
1954 3782 2292 3854 captiuitatis
2474 3782 2505 3834 5
2553 3780 2746 3834 relicta
2789 3781 2848 3850 C,

549 3886 687 3924 corr.
726 3871 844 3923 Bal
1044 3873 1412 3940 oportunitate
1457 3873 1513 3939 Ο,
1553 3889 1693 3927 corr.
1733 3874 1853 3926 Bal
2034 3875 2062 3926 7
2101 3870 2411 3925 maxencius
2456 3869 2513 3936 C,
2553 3885 2690 3923 corr.
2731 3871 2852 3924 Bal

548 3975 785 4028 purpura
828 3958 971 4013 Gale
1149 3960 1403 4013 induerat
1438 3960 1497 4029 0,
1526 3977 1661 4014 corr.
1692 3961 1811 4013 Bal
1991 3962 2157 4014 allato
2194 3960 2242 4013 Ο
2417 3958 2449 4011 8
2487 3959 2565 4011 rei
2602 3975 2670 4012 ex
2707 3959 2764 4012 ni
2808 3958 2856 4012 0

553 4047 618 4100 10
659 4048 905 4100 arcessiit
948 4047 1008 4115 0,
1047 4065 1183 4103 corr.
1223 4050 1343 4103 Bal
1453 4050 1514 4103 11
1561 4053 1617 4102 et
1652 4049 1901 4102 hortatus
1939 4048 2168 4117 Lenylet
2198 4048 2318 4115 (sed
2340 4047 2492 4115 falso
2531 4047 2636 4101 ‘ita
2671 4047 2852 4113 ΜΒ.)

553 4136 619 4188 12
658 4135 990 4189 Maxentium
1028 4137 1163 4202 Bal,
1200 4137 1583 4190 maximianum
1620 4137 1666 4191 C
1806 4154 1955 4191 roma
1990 4137 2049 4205 0,
2088 4153 2227 4191 corr.
2264 4137 2384 4189 Bal
2495 4136 2561 4189 14
2597 4136 2679 4188 ibi
2715 4137 2852 4203 Bal,

551 4226 614 4276 ut
658 4223 705 4277 0
813 4226 877 4279 16
916 4226 1091 4294 possit
1134 4226 1193 4293 0,
1232 4242 1372 4282 corr.
1410 4227 1529 4280 Bal
1682 4230 1745 4281 ut
1778 4244 1822 4281 s.
1863 4228 1894 4281 l.
1943 4226 1989 4280 C'
2096 4227 2162 4281 18
2202 4226 2297 4279 aad
2342 4225 2389 4279 0
2530 4225 2850 4294 obpugnan-

553 4311 678 4365 dum
724 4313 771 4367 0
884 4314 952 4366 20
993 4316 1311 4384 camppania
1353 4315 1401 4368 Ο
1512 4317 1582 4369 22
1623 4316 1749 4385 quia
1782 4316 1923 4371 Gale
2032 4317 2101 4370 24
2140 4333 2196 4369 se
2222 4316 2333 4369 <ei>
2359 4314 2626 4381 Bauldri,
2654 4314 2769 4375 <ei>
2796 4331 2855 4367 se

556 4401 715 4469 Gale,
756 4403 805 4455 ei
832 4418 942 4471 pro
983 4405 1038 4455 et
1073 4403 1360 4458 Bentleias
1469 4406 1536 4459 27
1579 4405 1692 4474 qui]
1734 4404 1828 4458 ubi
1863 4406 1953 4459 uel
1991 4408 2155 4474 atque
2191 4404 2420 4458 Brandt
