3132 5043
409 416 538 480 476

409 605 753 660 mediocritas
791 620 912 657 mea
948 603 976 656 I
1014 604 1136 668 271,
1178 603 1258 655 14.
1297 601 1502 670 ingenii
1534 600 1561 653 Ι

483 695 606 755 479,
650 693 732 746 14.
773 692 829 744 11
866 693 917 753 4,
949 693 998 745 3.
1042 688 1410 759 [mediocritas
1441 706 1560 742 sen-

485 799 575 834 sus
616 781 789 834 nostri
826 781 855 834 I
895 779 1014 843 130,
1043 781 1086 832 ·5
1126 777 1249 834 adn.
1289 784 1317 842 ἓ
1359 778 1425 848 1.]

415 870 758 924 mediocriter
812 872 1115 938 temperare
1171 868 1309 920 uitia
1360 867 1387 920 1
1438 867 1558 928 539,

486 960 571 1013 24.
610 975 719 1011 non
756 957 1104 1011 mediocriter
1139 954 1167 1007 Ι
1206 956 1326 1018 593,
1372 955 1454 1008 14.

417 1047 668 1101 meditari
709 1046 966 1100 caelestia
1003 1044 1057 1098 11
1100 1045 1218 1105 131,
1256 1045 1309 1095 4.
1338 1045 1560 1096 mortem

487 1136 513 1188 Ι
552 1136 674 1198 563,
717 1136 798 1190 16.
838 1134 1017 1187 uirilia
1053 1133 1079 1185 Ι
1117 1133 1239 1194 683,
1273 1132 1353 1185 14.
1393 1129 1562 1183 medi·

1222 408 1474 462 'Index
1531 408 1937 461 uerborum

1684 600 1818 652 riam
1866 599 2127 668 triumphi
2175 599 2228 652 11
2274 599 2331 651 M
2373 586 2491 663 179,
2534 598 2584 651 6.
2626 614 2780 651 som-

1687 689 1837 740 nium
1878 687 1946 740 ad
1982 687 2293 740 memoriam
2332 687 2569 756 posteris
2597 686 2781 740 tradi-

1690 776 1772 828 dit
1808 775 1836 828 Ι
1873 777 1996 842 634,
2038 775 2120 829 18.
2160 792 2221 828 ex
2260 776 2405 829 omni
2441 775 2709 828 memoria
2748 774 2783 827 I

1690 866 1810 928 259,
1851 867 1901 917 4.
1940 866 1996 917 in
2034 865 2346 918 memoriam
2376 864 2404 917 Ι
2434 865 2519 927 31,
2562 866 2609 917 2.
2644 865 2777 926 367,

1695 954 1775 1007 18.
1826 954 1881 1006 in
1935 954 2245 1006 memoriam
2308 954 2448 1007 exire
2500 954 2528 1006 I
2580 953 2669 1015 89,
2722 954 2778 1008 7.

1689 1042 1974 1095 memorias
2021 1059 2205 1110 regum
2264 1045 2595 1095 mortuoium
2645 1058 2782 1094 con-

1692 1148 1900 1185 secrare
1937 1132 1964 1184 I
2007 1133 2129 1195 696,
2171 1133 2217 1185 7.

488 1228 668 1278 temur
715 1222 842 1276 boni
893 1239 1009 1275 esse
1049 1221 1104 1273 II
1147 1222 1264 1283 132,
1306 1221 1352 1274 7.
1392 1218 1562 1271 medi·
1620 1220 1849 1274 mendax
1890 1221 1981 1272 uia
2025 1220 2053 1273 Ι
2103 1221 2224 1283 505,
2284 1221 2364 1273 11.
2417 1218 2782 1273 mendacibus

490 1316 638 1366 tatus
685 1314 910 1365 uenerat
957 1327 1018 1364 ao
1066 1313 1286 1380 paratus
1325 1307 1352 1360 Ι
1392 1308 1474 1370 15,
1513 1308 1562 1361 4.

485 1402 703 1470 passiu.
742 1399 884 1468 quod
923 1416 1103 1452 secum
1142 1399 1565 1451 commentatum

1692 1309 2033 1379 panegyricis
2087 1309 2229 1378 apud
2279 1326 2436 1378 reges
2489 1307 2704 1361 adulari
2749 1307 2784 1360 I

1694 1400 1778 1462 57,
1822 1399 1902 1452 14.

491 1489 921 1556 meditatamque
1002 1485 1204 1540 habere
1280 1484 1468 1538 debuit
1539 1481 1568 1534 I
1622 1487 1926 1540 mendicare
1964 1487 2171 1540 uictum
2207 1487 2235 1539 I
2274 1487 2394 1550 710,
2438 1487 2521 1540 10.
2560 1485 2781 1538 mendi-

499 1579 617 1642 199,
660 1580 741 1630 19.

1695 1575 1853 1629 candi
1890 1577 2186 1629 necessitas
2226 1575 2253 1628 1
2289 1575 2374 1639 97,
2414 1575 2465 1628 8.

421 1667 633 1720 medius
682 1667 826 1718 inter
876 1664 1035 1717 deum
1087 1666 1250 1731 atque
1296 1661 1566 1714 hominem
1623 1663 1943 1717 mendicitas
1981 1664 2037 1717 II
2073 1665 2130 1718 M
2171 1666 2290 1727 199,
2329 1665 2417 1729 24,

496 1756 822 1809 constitutus
869 1752 1181 1822 (Christus),
1229 1750 1371 1803 unde
1414 1749 1569 1802 illum
1624 1752 2013 1806 mendicissimi
2048 1754 2075 1806 I
2115 1754 2235 1815 250,
2278 1753 2359 1805 19.

497 1843 688 1897 Graeci
709 1841 920 1914 μεσίτην
952 1838 1196 1893 uocantI
1221 1841 1340 1901 376,
1365 1840 1413 1892 8.
1443 1839 1571 1891 item
1627 1860 1802 1897 mens:
1844 1844 1888 1895 si
1929 1842 2060 1912 quid
2098 1843 2255 1896 uobis
2292 1842 2536 1910 reliquae
2576 1840 2784 1893 mentis

495 1932 706 1987 medius
734 1931 913 1983 factus
932 1929 959 1981 I
982 1929 1101 1991 716,
1125 1929 1206 1983 13.
1236 1927 1306 1981 ad
1332 1927 1570 1980 medium

499 2022 640 2074 diem
669 2035 837 2088 nsque
862 2019 914 2071 11
945 2018 1001 2071 M
1029 2017 1150 2082 200,
1181 2018 1266 2073 21.
1297 2018 1350 2069 in
1392 2015 1570 2069 medio

497 2108 757 2163 Paradiso
778 2108 805 2160 I
831 2107 947 2169 158,
970 2109 1019 2161 6.
1044 2106 1187 2174 quod
1208 2108 1352 2158 esset
1378 2105 1571 2157 horum

497 2197 733 2252 medinm
783 2197 838 2249 II
889 2197 974 2260 29,
1044 2196 1125 2249 10.
1185 2226 1252 2234 -
1306 2192 1571 2249 medium:

498 2287 676 2340 medio
731 2286 927 2338 hiemis
979 2284 1039 2337 II
1091 2284 1150 2336 M
1218 2283 1336 2346 188,
1402 2284 1450 2335 9.
1516 2282 1572 2334 in

499 2375 736 2428 medium
777 2378 953 2427 terrae
980 2373 1008 2425 I
1034 2375 1156 2437 645,
1189 2373 1269 2426 10.
1307 2372 1363 2424 in
1392 2370 1573 2424 medio

500 2470 677 2518 terrae
730 2463 757 2516 1
802 2464 924 2527 659,
967 2462 1049 2515 11.
1087 2461 1144 2514 in
1180 2460 1359 2513 medio
1401 2459 1484 2512 rei
1519 2458 1575 2511 11

505 2556 590 2614 14,
632 2553 715 2606 16.
757 2553 843 2616 38,
881 2552 966 2605 21.
1007 2568 1039 2604 a
1075 2549 1251 2604 medio
1280 2550 1309 2603 I
1336 2551 1457 2612 256,
1489 2550 1574 2603 14.

503 2642 571 2696 ad
621 2641 859 2694 medium
908 2639 936 2692 Ι
987 2641 1107 2702 256,
1165 2641 1248 2693 12.
1300 2655 1469 2707 usqne
1508 2638 1578 2691 ad

502 2749 572 2785 m.
623 2731 679 2785 II
731 2732 815 2794 33,
873 2732 953 2784 15.
1005 2730 1062 2783 in
1111 2728 1346 2781 medinm
1387 2729 1412 2780 1
1452 2728 1577 2791 256,

510 2822 590 2874 12.
639 2819 928 2888 procedere
967 2819 994 2872 I
1031 2819 1153 2881 463,
1193 2817 1242 2870 8.
1284 2832 1378 2886 per
1414 2833 1484 2873 m.
1524 2815 1581 2868 11

506 2911 591 2973 34,
628 2911 680 2961 4.
722 2909 790 2974 cf.
824 2908 1168 2960 constituere.

435 2997 672 3051 medulla
710 2997 779 3064 cf.
817 2996 997 3050 Indic.
1037 3012 1141 3047 rer.

436 3088 543 3140 mel
610 3086 843 3139 caeleste
909 3084 1209 3152 sapientiae
1264 3084 1293 3137 I
1348 3084 1470 3148 401,
1529 3084 1580 3136 2.

508 3175 670 3228 mella
708 3174 736 3226 Ι
775 3175 894 3237 759,
938 3173 1018 3228 17.

1699 1935 1782 1984 est
1832 1932 1861 1985 I
1909 1933 2033 1994 421,
2087 1934 2170 1986 24.
2233 1931 2439 2000 [liberis
2497 1929 2783 1982 mentibus

1699 2020 1925 2088 obsequi
1974 2020 2227 2089 religioni
2277 2020 2333 2072 ΙΙ
2381 2020 2440 2072 Μ
2492 2019 2616 2081 229,
2676 2018 2786 2085 14.]

1702 2110 1784 2178 [ut
1822 2108 2119 2163 Christiani
2158 2109 2226 2162 ad
2256 2109 2425 2162 bonas
2454 2112 2667 2161 mentes
2697 2124 2784 2159 re-

1702 2197 1879 2251 dirent
1915 2197 1971 2250 H
2008 2199 2063 2251 M
2101 2198 2223 2264 212,
2265 2197 2368 2267 15.]
2407 2198 2533 2251 illos
2574 2197 2643 2250 ad
2682 2197 2785 2249 bo-

1700 2305 1824 2341 nam
1876 2290 2114 2341 mentem
2164 2303 2418 2340 reuocare
2470 2287 2499 2340 I
2549 2288 2675 2349 462,
2731 2287 2783 2338 9.

1702 2377 1846 2429 mala
1882 2392 2033 2429 mens
2072 2375 2099 2428 Ι
2135 2376 2258 2439 462,
2301 2375 2380 2428 12.
2425 2375 2507 2428 14.
2539 2376 2662 2435 467,
2696 2374 2789 2426 22.

1705 2466 1823 2535 quis
1862 2465 2058 2518 mentis
2099 2467 2308 2517 emotae
2337 2463 2364 2516 1
2396 2464 2477 2526 12,
2510 2464 2559 2516 5.
2600 2466 2790 2515 mente

1707 2558 1895 2624 captus
1925 2555 1949 2607 I
1979 2553 2066 2616 87,
2097 2555 2180 2607 21.
2211 2571 2322 2606 una
2352 2557 2406 2606 et
2442 2555 2562 2623 pari
2598 2556 2789 2607 mente

1706 2646 1733 2698 I
1769 2646 1892 2708 439,
1935 2645 2017 2697 17.
2065 2661 2214 2697 mens
2260 2642 2448 2696 mundi
2494 2643 2522 2696 Ι
2570 2643 2694 2706 588,
2736 2643 2789 2696 8.

1708 2735 1839 2788 deus
1880 2735 1963 2786 est
2001 2735 2222 2785 aeterna
2255 2729 2407 2784 mens
2437 2731 2464 2784 1
2493 2732 2543 2794 8,
2575 2733 2625 2784 4.
2658 2748 2790 2784 con-

1706 2822 1927 2876 turbata
1953 2821 2050 2874 illa
2078 2837 2353 2890 prauaque
2381 2838 2534 2874 mens
2557 2825 2647 2886 (=
2671 2820 2794 2873 dja·-

1707 2910 1885 2976 bolus)
1926 2908 1953 2961 I
1995 2910 2113 2972 143,
2152 2910 2200 2964 4.
2252 2912 2472 2962 sanctae
2513 2913 2570 2962 et
2605 2909 2793 2962 incor-

1707 3001 1899 3067 ruptae
1945 3001 2154 3051 mentes
2201 2997 2257 3050 ΙΙ
2286 2999 2426 3061 131,
2471 2999 2554 3052 18.
2596 3016 2625 3051 o
2665 3016 2791 3067 per-

1711 3088 1859 3141 ditae
1896 3092 2107 3140 mentes
2135 3087 2162 3139 1
2190 3088 2312 3151 436,
2356 3087 2437 3143 18.
2479 3089 2550 3156 cf.
2591 3087 2794 3141 dedere

1711 3181 1761 3228 et
1796 3175 1978 3229 India
2017 3192 2121 3229 rer.

436 3264 746 3318 membrana
791 3261 846 3314 11
894 3262 981 3324 33,
1029 3262 1079 3314 4.
1128 3263 1215 3326 34,
1266 3261 1349 3315 16.
1397 3262 1483 3325 43,
1532 3262 1582 3314 2.
1638 3265 1864 3317 mensis:
1902 3280 2150 3317 mensum
2187 3263 2243 3316 H
2279 3264 2363 3317 Ph
2405 3265 2527 3328 137,
2566 3267 2653 3318 27.

509 3355 595 3416 48,
635 3354 720 3405 22.
747 3351 900 3419 plur.
940 3349 997 3402 11
1034 3351 1122 3416 29,
1166 3352 1245 3404 16.
1291 3350 1371 3404 18.

1640 3357 1918 3406 menstrua
1957 3353 2136 3423 spatia
2173 3353 2227 3405 II
2266 3354 2386 3418 100,
2429 3353 2509 3406 10.

440 3442 737 3496 membrum
793 3440 950 3492 uirile
1005 3439 1032 3491 I
1088 3440 1173 3501 84,
1231 3440 1284 3492 8.
1345 3439 1586 3492 membra
1641 3457 1888 3494 mensura
1934 3442 1959 3493 I
2013 3443 2128 3506 141,
2185 3445 2265 3497 19.
2318 3444 2440 3506 482,
2492 3445 2542 3498 5.
2591 3442 2724 3496 libri
2769 3443 2798 3496 I

511 3530 775 3599 genitalia
809 3529 866 3581 II
901 3530 989 3592 47,
1020 3530 1067 3581 6.
1100 3529 1169 3595 cf.
1209 3528 1374 3581 etiam
1402 3528 1584 3583 Indole.

511 3637 611 3673 rer.

1715 3534 1835 3593 555,
1888 3530 1970 3583 16.
2020 3533 2141 3592 663,
2194 3533 2274 3585 13.
2328 3533 2659 3600 [mensuram
2704 3536 2794 3600 (Ξ

1713 3619 1905 3688 metra)
1947 3635 2063 3673 esse
2101 3621 2157 3672 in
2196 3620 2395 3674 fabulis
2432 3621 2490 3673 11
2530 3621 2650 3684 156,
2684 3622 2795 3689 22]

441 3708 748 3761 meminisse
796 3723 834 3761 c.
873 3723 990 3777 qen.
1042 3707 1069 3759 I
1122 3708 1206 3771 21,
1261 3708 1307 3763 6.
1361 3709 1448 3772 97,
1504 3709 1586 3762 11.
1642 3707 1861 3760 mentiri
1914 3709 2089 3761 alicui
2141 3713 2165 3764 1
2220 3709 2337 3772 165,
2392 3711 2477 3764 21.
2532 3711 2655 3774 547,
2708 3709 2795 3765 22.

514 3798 638 3863 204,
694 3798 773 3850 13.
824 3796 881 3848 11
932 3798 981 3859 5,
1038 3799 1118 3850 15.
1173 3814 1214 3850 c.
1271 3813 1380 3849 ace.
1430 3797 1486 3850 11
1533 3799 1590 3851 M

519 3888 636 3951 179,
687 3886 769 3940 15.
816 3890 1085 3938 memento
1124 3886 1181 3939 II
1219 3888 1267 3949 5,
1311 3888 1392 3940 15.
1444 3887 1587 3955 quod

517 3981 567 4028 et
602 3975 741 4027 coni.
782 3974 809 4026 I
849 3975 968 4037 744,
1008 3977 1059 4028 4.

447 4080 740 4116 memorare
787 4063 813 4115 Ι
862 4064 982 4127 691,
1020 4065 1067 4119 7.
1115 4063 1496 4117 memorandus
1533 4065 1591 4117 11

519 4153 600 4204 Ph
642 4154 758 4215 137,
799 4153 884 4206 33.

451 4241 727 4293 memoria:
767 4240 901 4294 haec
948 4242 1162 4310 scriptis
1211 4241 1278 4295 ad
1317 4244 1592 4295 aeternam

518 4346 587 4384 m.
628 4330 943 4398 consignare
981 4330 1038 4382 II
1077 4331 1160 4395 73,
1193 4332 1241 4384 9.
1282 4331 1351 4383 ad
1386 4347 1592 4384 memo-

1717 3797 1821 3849 sibi
1866 3796 1894 3849 Ι
1940 3798 2061 3862 462,
2115 3797 2195 3850 18.
2243 3797 2525 3851 aduersus¹
2554 3799 2794 3866 aliquem

1716 3885 1770 3939 11
1807 3887 1863 3939 M
1901 3886 2022 3949 220,
2065 3886 2147 3940 19.
2187 3887 2242 3939 in
2281 3885 2412 3939 deos
2451 3887 2476 3938 I
2515 3886 2604 3949 43,
2648 3887 2694 3941 1.
2737 3902 2795 3939 se

1716 3976 1832 4045 ipse
1872 3975 2146 4030 Christum
2175 3977 2471 4029 mentietur
2499 3976 2528 4029 I
2556 3978 2678 4039 645,
2716 3976 2797 4030 16.

1720 4064 1864 4133 quod
1902 4066 2190 4118 ueritatem
2228 4065 2349 4118 fuco
2392 4067 2448 4117 et
2485 4065 2798 4118 imitatione

1717 4155 1980 4207 mentitur
2009 4156 2035 4208 1
2067 4156 2184 4221 175,
2214 4155 2263 4208 8.
2303 4154 2525 4207 mentiri
2562 4154 2800 4223 speciem
2853 4167 2871 4177 ·

1720 4243 1956 4296 melioris
2012 4243 2133 4295 uiae
2188 4242 2216 4295 Ι
2268 4243 2394 4309 487,
2453 4246 2501 4298 5.
2571 4260 2800 4311 quorum

1722 4331 2296 4398 corpora—inpudicas
2353 4331 2584 4384 feminas
2640 4332 2801 4384 inho-

2524 4686 3118 5013 &A

3110 4521 3115 4600 ἴ
