3132 5043
931 457 1305 512 Addenda
1360 461 1434 511 et
1491 457 2002 528 Corrigenda.
2397 462 2609 526 XXXI

298 668 353 721 p.
399 652 486 714 67,
527 650 755 715 12—69‚
794 651 844 704 8.
884 651 1011 705 Hoc
1059 652 1177 705 loco
1214 650 1582 704 Lactantium
1628 666 1789 704 usum
1827 667 1937 704 esse
1971 657 2141 719 parte
2177 652 2422 720 quadam
2457 670 2609 707 nunc

448 739 734 809 deperdita
765 740 896 794 libri
933 740 984 792 V
1010 739 1075 792 de
1101 755 1160 792 re
1178 739 1410 807 publica
1441 738 1719 792 Ciceronis
1748 739 2096 793 ostendebam
2133 741 2195 793 in
2232 740 2610 809 disputatione

452 830 566 882 ‘Ad
607 829 886 884 Ciceronis
937 828 1003 881 de
1047 845 1106 882 re
1141 829 1377 897 publica
1424 827 1594 881 libros
1644 827 2070 896 adnotationes&
2117 828 2453 897 Festschrift
2506 847 2607 884 zur

450 918 852 986 350-jdhviyen
919 916 1221 984 Jubelfeier
1303 917 1396 970 des
1464 915 1859 984 Gymnasiums
1919 933 1990 970 zu
2049 916 2394 987 Heidelber9‚
2433 922 2607 986 1896,

437 1024 495 1074 p.
548 1010 627 1060 24
673 1023 773 1060 ss.:
820 1023 933 1075 qua
980 1006 1361 1073 disputatione
1405 1006 1630 1059 omnino
1678 1005 1934 1072 quaesiui
1977 1023 2121 1075 quae
2154 1013 2286 1075 post
2335 1007 2605 1077 Anyelum

444 1095 671 1148 Maium
712 1095 977 1148 librorum
1016 1095 1081 1148 de
1116 1111 1175 1148 re
1204 1095 1437 1162 publica
1468 1094 1748 1148 Ciceronis
1783 1095 2019 1164 uestiyia
2059 1095 2215 1163 apud
2241 1096 2608 1150 Lactantium

443 1185 675 1252 reperiri
700 1189 944 1253 possent.

297 1289 350 1342 p.
408 1275 491 1335 76,
548 1273 632 1327 10.
685 1289 776 1326 ore
818 1289 929 1341 pro
980 1276 1101 1326 ture
1160 1271 1311 1325 Guil.
1370 1271 1600 1335 Gemoll,
1650 1271 1936 1325 Kritische
1984 1272 2228 1326 Bemerk.
2284 1290 2355 1326 zu
2412 1273 2603 1326 latein.

444 1362 893 1429 Schriftstellern.
932 1362 1124 1430 Proyr.
1164 1360 1480 1431 Liqnitziae
1524 1364 1682 1415 1890
1718 1378 1778 1429 p.
1818 1365 1917 1426 18,·
1960 1378 2076 1415 non
2121 1366 2275 1426 recte,
2316 1362 2385 1430 cf.
2434 1364 2604 1415 etiam

433 1467 494 1519 p.
542 1452 634 1516 75,
672 1453 744 1502 12
781 1455 833 1503 et
874 1454 1013 1516 460,
1049 1451 1137 1502 15.

294 1555 353 1608 p.
406 1539 490 1601 76,
542 1539 627 1592 11.
670 1554 780 1607 pro
830 1538 1051 1591 horrere
1105 1538 1210 1604 (sic
1266 1537 1419 1591 codd.
1466 1554 1591 1601 rec,
1643 1537 1817 1591 colere
1866 1538 2021 1592 codd.
2074 1539 2308 1608 antiqui,
2356 1540 2506 1608 quod
2540 1555 2606 1594 ex

448 1627 623 1680 colere
673 1632 724 1680 et
775 1626 963 1680 colunt
1011 1630 1086 1679 10
1135 1632 1314 1680 ortum
1366 1630 1470 1694 est)
1521 1626 1706 1680 dolere
1750 1627 1869 1680 vult
1906 1643 2098 1680 censor
2132 1631 2212 1695 ††,
2249 1628 2346 1681 sed
2387 1628 2604 1681 horrere

441 1716 617 1770 multo
652 1715 848 1769 melius
880 1716 1119 1769 uidetur.

292 1820 359 1873 p.
400 1803 534 1872 141,
569 1803 627 1858 4.
659 1821 768 1872 pro
808 1804 1072 1857 diniuitus
1114 1805 1148 1858 l.
1190 1803 1472 1861 diuinitus
1945 1832 1952 1838 ·

294 1910 352 1961 p.
397 1893 517 1955 143,
561 1893 628 1946 18
668 1893 746 1957 (II
787 1894 838 1959 9,
877 1895 951 1959 9).
1001 1893 1257 1947 hibernus
1304 1910 1376 1946 sc.
1426 1894 1508 1947 sol
1552 1894 1680 1947 uult
1725 1909 1915 1947 censor
1964 1898 2029 1962 ††
2071 1910 2180 1962 pro
2225 1895 2507 1948 hibernum
2546 1896 2604 1964 (i.

444 1999 485 2037 e.
534 1982 760 2048 hiems):
807 1982 905 2035 sed
950 1983 1031 2035 sol
1076 1999 1248 2050 neque
1295 1999 1361 2035 ex
1407 1983 1524 2037 loco
1581 1982 1680 2035 illo
1726 1983 1847 2051 ipso
1902 1983 2150 2051 suppleri
2194 1988 2379 2052 potest
2432 2000 2603 2051 neque

439 2071 594 2123 ualet
632 2071 925 2139 quicquam
962 2072 1306 2139 comparatio
1347 2072 1684 2125 locutionum
1722 2070 1991 2138 occidens,
2021 2073 2198 2125 oriens
2235 2088 2306 2125 sc.
2339 2072 2435 2135 sol,
2467 2087 2598 2139 quo-

442 2159 599 2211 niam
644 2160 903 2212 hibernus
952 2160 1149 2213 omisso
1185 2160 1540 2214 substantiuo
1581 2160 1663 2213 sol
1698 2160 1762 2213 in
1802 2160 1991 2213 lexicis
2025 2160 2409 2227 indicibusque
2443 2160 2601 2212 nullo

442 2249 683 2317 exemplo
712 2248 1008 2316 probatur.

287 2352 355 2405 p.
397 2336 528 2405 146,
568 2337 659 2390 17.
699 2353 819 2390 cum
857 2336 912 2388 B
949 2337 1240 2390 immobilis
1281 2338 1561 2405 leyendum
1599 2343 1694 2403 est,
1733 2339 1801 2406 cf.
1841 2341 1912 2390 14
1946 2337 2166 2391 mobilis
2206 2344 2254 2391 ct
2291 2337 2431 2389 Inst.
2482 2337 2609 2390 VII

444 2428 494 2488 9,
533 2429 606 2478 13
644 2426 831 2494 (ignis)
873 2426 1197 2480 elementum
1236 2426 1372 2489 leue,
1411 2430 1483 2479 14
1521 2443 1587 2480 ea
1624 2443 1749 2479 uero
1800 2443 1937 2496 quae
1988 2425 2292 2495 ponderosa
2329 2428 2456 2478 sunt
2494 2442 2597 2492 eqs.

286 2533 344 2585 p.
387 2515 510 2579 229,
551 2514 599 2570 3.
640 2515 1018 2585 Kronenbery,
1055 2515 1398 2570 Minuciana
1424 2532 1485 2584 p.
1524 2518 1643 2569 100
1680 2515 1902 2569 habenti
1939 2515 2160 2569 nullos
2200 2518 2331 2584 (pro
2368 2514 2597 2583 malos)

440 2605 641 2658 liberos
681 2604 885 2658 orbitas
923 2604 1270 2674 praedicatur
1306 2605 1523 2668 conicit,
1565 2612 1626 2659 at
1654 2605 2011 2668 Lactantius,
2049 2611 2113 2658 ut
2149 2606 2361 2674 opinor,
2400 2604 2600 2658 liberos

437 2710 569 2746 non
607 2692 833 2746 habenti
870 2693 1188 2761 scripsisset.

288 2800 344 2851 p.
387 2783 509 2845 229,
552 2783 600 2834 7.
649 2780 973 2835 modestiam
1013 2797 1123 2850 pro
1169 2782 1472 2836 molestiam
1520 2783 1622 2836 Th.
1665 2782 1881 2852 Stanyl,
1931 2782 2136 2837 Philol.
2188 2781 2443 2846 Jahrbb„
2488 2782 2601 2836 uol.

441 2873 557 2924 145
596 2873 800 2938 (1892)
830 2888 892 2939 p.
936 2873 1072 2926 863.

286 2977 346 3029 p.
388 2962 511 3016 249.
542 2962 591 3013 2.
622 2965 899 3030 tamquam
927 2961 1183 3030 lupariam
1213 2960 1412 3015 obeant
1439 2961 1532 3031 (sc.
1565 2964 1705 3026 eam)
1737 2960 2022 3030 Weyman‚
2049 2959 2314 3014 Zeitschr.
2337 2960 2387 3026 f.
2413 2965 2603 3013 o'sterr.

443 3050 712 3119 Gymnas.
751 3052 908 3102 1894
935 3066 994 3117 p.
1038 3052 1175 3104 202.

292 3155 347 3206 p.
391 3138 516 3199 267,
557 3138 605 3189 2.
647 3152 742 3189 suo
782 3137 887 3205 ipsi
925 3136 1056 3206 (pro
1096 3136 1220 3202 sibi)
1265 3135 1447 3204 gladio
1482 3135 1697 3190 Gemoll
1723 3154 1783 3205 p.
1813 3139 1900 3200 18,
1926 3136 2022 3189 sed
2049 3137 2117 3203 cf.
2146 3137 2606 3189 Buenemannum

447 3225 525 3278 ad
560 3225 709 3278 hunc
748 3225 847 3277 loc.
887 3231 936 3278 et
977 3225 1053 3278 ad
1088 3224 1228 3279 Inst.
1268 3224 1347 3278 II
1384 3227 1436 3292 5,
1480 3228 1514 3277 6
1553 3225 1685 3278 adn.
1723 3241 1769 3277 e.

289 3331 359 3383 p.
398 3313 533 3382 278,
571 3313 669 3367 20.
697 3329 808 3381 pro
846 3313 1138 3381 religiones
1177 3314 1211 3366 l.
1252 3314 1549 3382 religionis

290 3420 358 3472 p.
398 3402 532 3471 304,
570 3403 627 3457 9.
666 3401 940 3455 Kalendas
978 3401 1191 3470 Apriles
1228 3402 1573 3455 scribendum
1611 3408 1704 3466 est,
1744 3403 1814 3471 cf.
1857 3404 1935 3455 ad
1969 3404 2139 3456 Mort.
2181 3407 2233 3467 2,
2271 3407 2316 3455 1.

292 3507 349 3560 p.
404 3490 529 3557 320,
585 3491 667 3543 19.
723 3490 1003 3544 lectionem
1055 3490 1302 3543 codicum
1354 3493 1596 3543 curasset
1643 3492 1838 3544 retinet
1891 3507 2078 3544 censor
2127 3495 2221 3558 ††:
2277 3492 2426 3559 qnod
2472 3490 2610 3558 quid

443 3579 714 3647 siqnificet
751 3578 852 3632 hoc
891 3579 1025 3646 loco,
1062 3595 1165 3632 nos
1200 3595 1315 3632 non
1360 3581 1538 3648 maqis
1575 3596 1742 3647 quam
1776 3581 1999 3649 priores
2036 3580 2266 3633 editores
2301 3579 2609 3648 perspicere

434 3684 747 3736 possumus.

294 3773 364 3827 p.
404 3757 538 3825 348,
578 3756 670 3810 10.
701 3773 810 3824 pro
848 3755 1073 3810 sedendi
1109 3772 1259 3810 nunc
1293 3757 1473 3811 scribo
1513 3757 1741 3810 sedenti.

295 3864 353 3915 p.
405 3846 527 3909 351,
577 3845 626 3898 3.
674 3846 768 3898 illo
818 3845 1087 3914 supplicio
1136 3844 1412 3914 indignuS,
1462 3846 1706 3899 mortalis
1753 3848 1935 3899 tamen
1989 3845 2458 3902 et....affixus
2500 3859 2604 3910 pro

450 3933 759 3987 adfectus
811 3934 1025 3987 Gemoll
1060 3951 1121 4002 p.
1171 3938 1261 4001 18,
1306 3935 1402 3988 sed
1446 3935 1710 4004 supplicio
1740 3935 1981 4003 pertinet
2021 3935 2186 3987 etiam
2227 3934 2304 3986 ad
2340 3932 2603 3986 adfectus.

296 4039 352 4093 p.
406 4023 528 4084 371,
576 4024 627 4076 4.
677 4023 886 4075 utinam
925 4038 1032 4090 pro
1080 4023 1397 4092 utinamque
1443 4024 1537 4076 uir
1583 4025 1776 4077 doctus
1812 4021 1843 4073 λ
1881 4024 2218 4091 subscriptus
2263 4023 2324 4074 in
2373 4038 2606 4075 censura

449 4110 708 4164 editionis
756 4116 997 4173 nostrae,
1057 4112 1305 4181 Theoloy.
1359 4112 1821 4166 Isitteraturblatt
1879 4115 2032 4166 1890
2081 4129 2141 4180 p.
2200 4115 2333 4175 463,
2384 4111 2481 4164 sed
2534 4111 2603 4176 cf.

449 4199 629 4253 Indic.
667 4199 883 4253 nerbor.

346 4323 368 4342 .
409 4288 536 4357 399,
574 4289 632 4344 3.
677 4288 813 4342 Cum
851 4288 1006 4342 codd.
1045 4289 1169 4342 BH
1200 4290 1436 4343 audeant
1470 4290 1817 4344 scribendum
1855 4295 1946 4345 est.

350 4412 371 4431 .
411 4378 538 4447 428,
576 4379 632 4431 8.
671 4379 899 4447 niryula
929 4383 1059 4444 post
1087 4378 1327 4447 profesto
1360 4379 1594 4432 delenda
1622 4386 1701 4432 est
1727 4379 1890 4448 (festo
1926 4382 2086 4447 atque
2125 4377 2602 4448 profesto...dic).

299 4304 342 4446 ’ΒΕ
