3132 5043
509 483 639 562 292

580 674 679 726 filii
725 674 752 725 I
791 673 911 728 391.
960 672 1222 734 21-394,
1266 673 1345 724 11.
1390 673 1506 732 723,
1548 673 1653 725 3—

584 764 665 815 13.
717 779 920 815 summa
965 778 1139 816 rerum
1188 762 1277 813 uel
1316 760 1381 813 dc
1423 760 1654 829 simplici

583 851 777 920 duplex
816 852 903 904 uel
943 850 1008 903 de
1050 850 1251 919 duplici
1291 848 1515 917 simplex
1555 864 1654 916 gu-

502 965 537 1009 χ
577 941 770 993 bernat
815 943 991 993 totum
1042 938 1298 991 mundum
1351 938 1406 990 II
1444 939 1527 1001 34,
1569 939 1652 990 21.

580 1028 667 1082 dei
706 1045 901 1081 nomen
940 1029 1151 1096 accepit
1188 1027 1215 1079 I
1252 1028 1374 1088 329,
1411 1027 1490 1080 10.
1533 1027 1652 1087 712,

580 1118 666 1172 25.
708 1117 838 1170 deus
877 1117 903 1169 Ι
941 1118 1062 1174 317,
1102 1118 1134 1169 2
1174 1133 1242 1168 ss.
1282 1117 1404 1178 320,
1444 1119 1491 1169 5.
1532 1116 1652 1174 376,

576 1206 626 1259 8.
670 1208 791 1267 377,
833 1207 879 1258 2.
922 1208 1041 1267 381,
1089 1207 1131 1259 1.
1173 1208 1296 1265 645,
1336 1207 1382 1258 7.
1418 1206 1535 1268 715,
1568 1205 1651 1256 24.

580 1294 711 1348 deus
771 1313 801 1348 a
858 1295 1152 1348 cultoribus
1211 1294 1299 1347 dei
1363 1309 1654 1363 suspensus

505 1450 510 1455 θ
577 1388 742 1453 atque
782 1384 1014 1436 subfixus
1054 1384 1079 1435 I
1118 1384 1239 1440 351,
1274 1386 1324 1437 4.
1364 1399 1654 1450 numquam

579 1490 637 1526 se
676 1474 790 1541 ipse
831 1472 986 1524 deum
1030 1470 1161 1524 dicit
1199 1471 1226 1523 I
1263 1472 1383 1534 329,
1425 1472 1472 1524 2.
1512 1471 1654 1523 unde

576 1561 710 1614 deus
761 1560 995 1613 creditus
1043 1560 1117 1612 sit
1164 1559 1191 1611 I
1228 1561 1350 1622 407,
1395 1561 1652 1623 18-411,

577 1652 609 1703 6
664 1650 808 1718 (410,
862 1651 933 1705 27.
985 1651 1143 1702 Plato
1198 1648 1264 1701 de
1318 1650 1511 1717 (primo
1570 1660 1650 1713 ac)

578 1739 813 1793 secundo
846 1739 944 1792 deo
975 1739 1000 1791 I
1032 1740 1149 1800 713,
1182 1740 1231 1793 2.
1272 1739 1520 1807 princeps
1559 1755 1652 1790 an·

577 1830 824 1897 gelorum
862 1829 889 1881 Ι
927 1828 1048 1890 328,
1094 1828 1175 1883 18.
1219 1826 1284 1879 ab
1327 1827 1533 1895 angelis
1574 1826 1654 1879 di·

578 1935 766 1970 uersus
804 1918 831 1970 I
882 1918 1003 1981 296,
1059 1918 1138 1970 15.
1194 1915 1481 1969 daemones
1535 1933 1652 1968 eum

506 2072 509 2073 ⁷
574 2008 774 2059 timent
831 2006 859 2059 I
919 2006 1039 2067 387,
1108 2008 1156 2059 6.
1216 2022 1336 2058 611111
1392 2004 1656 2073 praefecit

577 2095 711 2149 deus
760 2096 909 2163 operi
956 2095 1205 2147 uniuerso
1259 2092 1445 2145 mundi
1485 2110 1654 2160 eoque

580 2190 634 2238 et
674 2185 1016 2237 consiliatore
1065 2201 1192 2236 usus
1233 2184 1316 2236 est
1355 2186 1411 2235 et
1451 2182 1653 2234 artifice

502 2336 507 2341 ἢ
576 2275 630 2327 in
708 2271 1075 2341 excogitandis
1151 2270 1460 2324 ordinandis
1534 2288 1654 2339 per-

576 2361 925 2428 ficiendisque
962 2360 1122 2413 rebus
1160 2360 1186 2413 Ι
1219 2361 1337 2422 131,
1373 2361 1397 2413 1
1431 2377 1500 2414 ss,
1531 2360 1652 2421 290,

575 2453 627 2505 3.
658 2452 779 2512 291,
814 2451 895 2503 10.
930 2452 1048 2511 712,
1090 2452 1172 2504 22.
1216 2454 1270 2502 et
1308 2449 1654 2519 prouidentia

577 2544 632 2594 et
670 2541 878 2594 ratione
918 2545 973 2593 et
1010 2543 1285 2608 potestate
1325 2540 1597 2609 perfectus
1628 2542 1649 2593 1

580 2633 697 2690 132,
744 2632 788 2682 1.
829 2630 951 2687 286,
996 2630 1077 2682 12.
1120 2633 1202 2680 est
1249 2629 1517 2696 sapientia
1565 2628 1654 2682 dei

575 2720 602 2772 I
644 2720 762 2776 300,
802 2720 849 2773 6.
893 2718 1010 2780 712,
1060 2719 1142 2770 21.
1197 2718 1334 2769 ratio
1374 2719 1401 2770 I
1439 2718 1560 2778 300,
1603 2720 1650 2770 5.

579 2808 698 2869 712,
757 2808 841 2860 20.
909 2823 1080 2858 sermo
1135 2807 1225 2859 uel
1281 2806 1503 2859 uerbum
1557 2807 1649 2860 uel

577 2913 680 2949 uox
733 2896 819 2948 dei
856 2897 883 2948 I
922 2896 1042 2957 296,
1099 2897 1163 2947 10
1217 2913 1283 2949 ss
1338 2897 1460 2956 300,
1507 2898 1541 2949 4
1581 2914 1648 2949 ss‚

578 2984 698 3050 331,
748 2984 796 3040 5.
847 2983 967 3044 392,
1019 2985 1099 3037 16.
1149 2985 1269 3044 712,
1310 2987 1391 3040 21.
1434 2985 1588 3056 λόγος
1626 2986 1653 3038 I

575 3073 699 3132 300,
746 3073 796 3127 4.
847 3072 1069 3139 spiritus
1108 3073 1133 3125 I
1172 3074 1291 3136 296,
1335 3076 1416 3127 17.
1456 3075 1578 3138 297,
1620 3077 1650 3128 6

576 3178 645 3213 ss,
687 3161 898 3212 iustitia
933 3160 960 3212 Ι
1000 3161 1117 3220 338,
1160 3162 1207 3215 6.
1250 3162 1421 3215 uirtus
1464 3163 1490 3215 1
1529 3165 1648 3224 338,

576 3252 624 3302 5.
676 3249 796 3306 392,
841 3251 919 3303 16.
969 3251 1087 3310 712,
1129 3251 1211 3304 20.
1262 3266 1449 3303 manus
1499 3251 1586 3303 dei
1624 3253 1649 3304 1

504 3397 509 3402 .
575 3339 697 3391 392.
760 3338 840 3391 16.
895 3338 1193 3406 prophetae
1252 3338 1316 3390 de
1370 3337 1583 3392 Christo
1624 3341 1650 3392 I

578 3427 699 3486 286,
745 3428 825 3493 13.
866 3427 988 3488 290,
1029 3430 1076 3479 5.
1117 3427 1238 3490 297,
1271 3428 1530 3492 18-367,
1566 3430 1646 3482 13.

502 3562 507 3565 ,
575 3518 696 3576 377,
748 3515 829 3568 18.
879 3516 999 3576 393,
1042 3517 1071 3567 7
1112 3533 1179 3568 ss‚
1218 3517 1341 3577 409,
1385 3518 1648 3580 14-410,

574 3609 623 3659 6.
667 3606 787 3666 713,
829 3605 910 3657 13.
952 3606 1070 3666 715,
1113 3605 1374 3667 16-722,
1417 3607 1498 3658 17.
1527 3609 1647 3669 723,

580 3696 624 3748 1.
665 3726 730 3733 -
773 3694 1061 3746 secunda
1099 3694 1431 3747 natiuitas
1468 3696 1495 3748 I
1525 3697 1646 3750 301.

504 3826 509 3831 .
573 3783 805 3836 3-329.
866 3783 946 3837 11.
1007 3783 1127 3845 316,
1190 3783 1269 3837 18.
1330 3784 1557 3835 carnalis
1622 3785 1677 3890 1⁴

504 3929 509 3934 ,
576 3873 695 3932 715,
742 3873 821 3924 12.
882 3871 1172 3925 secundum
1221 3890 1431 3926 carnem
1488 3878 1648 3926 natus

572 3961 600 4013 I
621 3961 740 4021 336,
766 3961 810 4011 6.
842 3959 1082 4013 habebat
1112 3962 1406 4029 spiritalem
1439 3967 1645 4031 patrem

574 4049 732 4101 deum
782 4052 836 4100 et
883 4050 1024 4101 sicut
1068 4057 1226 4117 pater
1272 4051 1493 4118 spiritus
1532 4052 1646 4103 eius

574 4137 704 4190 deus
745 4138 859 4190 sine
896 4141 1084 4199 matre,
1124 4139 1204 4190 ita
1240 4142 1413 4191 mater
1460 4155 1644 4207 corpo·

573 4227 644 4278 ris
687 4226 799 4277 eius
838 4227 992 4293 uirgo
1033 4228 1148 4279 sine
1187 4233 1338 4296 patre
1378 4229 1404 4281 I
1443 4228 1562 4290 376,
1596 4231 1642 4281 6.

576 4316 693 4370 715.
739 4316 818 4368 10.
876 4316 957 4368 13.
1013 4333 1132 4368 caro
1181 4321 1367 4369 sancta
1405 4318 1580 4370 sactus
1620 4318 1645 4370 I

1560 480 1795 533 Index

1781 690 1849 726 ss,
1899 676 2021 735 376,
2071 675 2120 727 8.
2173 676 2292 737 715,
2334 676 2417 727 24.
2456 674 2724 728 mediator
2760 675 2842 727 ad-

1781 763 1934 815 uenit
1981 763 2034 815 id
2090 768 2173 816 est
2210 763 2340 817 deus
2380 764 2434 816 in
2477 780 2635 817 carne
2671 764 2698 816 Ι
2735 765 2841 826 377,

1781 852 1828 905 2.
1871 868 1964 903 0111·
2002 851 2132 904 deus
2170 852 2330 905 homo
2370 853 2550 907 factus
2591 854 2664 905 sit
2694 869 2842 921 seque

1782 939 2085 993 infirmitati
2126 940 2469 1009 passionibus
2501 940 2671 994 dolori
2696 942 2844 993 morti

1781 1028 2074 1082 subiecerit
2106 1030 2132 1082 I
2175 1031 2297 1092 369,
2337 1030 2568 1092 3-377,
2611 1031 2691 1084 15.
2730 1030 2841 1091 395,

1784 1117 2009 1169 15-21.
2070 1118 2190 1180 723,
2252 1119 2516 1180 14-724,
2578 1118 2658 1171 15.
2713 1118 2843 1169 filius

1780 1205 2013 1258 hominis
2055 1206 2185 1273 quid
2232 1207 2508 1275 significet
2543 1205 2570 1257 I
2608 1207 2728 1272 313,
2770 1207 2841 1259 10.

1780 1294 1901 1355 317,
1943 1295 1994 1346 2.
2026 1325 2087 1332 -
2120 1311 2225 1362 qua
2262 1294 2328 1347 de
2369 1312 2532 1348 causa
2567 1295 2622 1347 in
2661 1299 2844 1347 terram

1779 1383 1993 1435 uenerit
2022 1383 2048 1435 Ι
2077 1384 2198 1443 304,
2244 1385 2324 1436 12.
2366 1384 2487 1446 306,
2533 1383 2612 1437 10.
2655 1385 2772 1445 312,
2800 1386 2842 1436 6.

1780 1472 1902 1534 313,
1946 1472 2027 1523 11.
2067 1472 2191 1535 329,
2235 1472 2314 1524 17.
2355 1473 2477 1535 369,
2523 1475 2587 1527 10
2626 1490 2693 1526 ss,
2732 1474 2841 1533 371,

1784 1562 1847 1612 17
1888 1577 1956 1612 ss,
1998 1561 2120 1621 375,
2163 1562 2225 1613 17
2266 1578 2335 1613 ss.
2379 1562 2499 1624 715,
2539 1563 2589 1615 2.
2621 1563 2843 1627 716,12.

1782 1649 1902 1710 723,
1934 1650 2019 1702 25.
2053 1648 2291 1717 duplex
2329 1650 2470 1702 eius
2509 1651 2576 1703 in
2615 1654 2843 1703 terram

1781 1736 2111 1790 aduentus
2165 1739 2193 1791 I
2249 1739 2369 1799 313,
2422 1738 2457 1790 4
2510 1756 2580 1795 ss.
2634 1741 2752 1803 341,
2801 1740 2842 1791 7.

1781 1828 2029 1895 primus
2083 1828 2225 1880 eius
2278 1828 2612 1881 aduentus
2659 1829 2686 1881 Ι
2732 1828 2842 1891 313,

1780 1917 1830 1968 5.
1880 1916 2001 1975 341,
2042 1916 2090 1969 8.
2137 1916 2215 1971 10.
2256 1917 2376 1979 585,
2422 1918 2502 1970 17.
2561 1918 2677 1969 eius
2727 1934 2843 1970 con-

1781 2005 1959 2071 ceptio
2015 2005 2042 2057 Ι
2097 2006 2220 2067 309,
2282 2006 2361 2058 15.
2429 2023 2527 2074 per
2593 2006 2844 2075 uirginem

1780 2099 1939 2145 natus
1987 2094 2012 2145 I
2061 2095 2182 2155 309,
2236 2095 2317 2147 15.
2364 2095 2489 2151 311.
2537 2096 2588 2147 6.
2630 2095 2747 2157 316,
2788 2096 2843 2147 15

1781 2199 1848 2234 sS.
1890 2183 2009 2245 376,
2043 2184 2089 2235 7.
2123 2184 2242 2243 715,
2278 2182 2358 2235 10.
2393 2199 2453 2235 ex
2485 2183 2645 2235 domo
2676 2181 2842 2236 Dauid

1780 2275 2070 2339 generatus
2109 2271 2136 2323 I
2175 2272 2294 2329 321,
2335 2272 2385 2325 8.
2424 2273 2548 2335 324,
2606 2274 2689 2326 16.
2729 2274 2842 2324 ante

1762 2376 1949 2412 -annos
1998 2359 2129 2414 CCC
2178 2365 2339 2413 natus
2385 2359 2638 2428 Augusto
2685 2360 2841 2428 impe-

1777 2453 1931 2501 rante
1972 2449 1994 2500 1
2037 2450 2156 2511 714,
2211 2450 2257 2504 6.
2312 2452 2359 2502 9.
2407 2449 2615 2502 tinctus
2655 2449 2720 2501 ab
2763 2448 2840 2501 Io·

1781 2539 1953 2591 }iaune
2005 2540 2031 2591 Ι
2092 2540 2212 2602 329,
2267 2541 2346 2592 14.
2414 2539 2516 2591 1100
2584 2538 2840 2606 baptismo

1780 2626 1910 2695 quid
1949 2628 2184 2680 uoluerit
2222 2628 2362 2681 effici
2402 2628 2429 2680 I
2467 2629 2594 2691 329,
2628 2629 2709 2681 15.
2739 2626 2841 2679 eius

1777 2716 2036 2769 miracula
2086 2716 2112 2768 1
2159 2717 2280 2776 320,
2335 2717 2396 2769 13
2445 2733 2515 2768 ss.
2559 2717 2586 2769 I
2627 2716 2744 2779 329,
2782 2715 2839 2767 12

1779 2805 1971 2867 -337,
2012 2805 2060 2857 8.
2101 2805 2222 2865 385,
2262 2805 2487 2858 16-19,
2544 2807 2668 2871 716,
2720 2806 2838 2858 15-

1780 2895 1897 2958 717,
1957 2897 2001 2946 1.
2055 2910 2246 2961 magus
2287 2910 2317 2945 a
2362 2893 2582 2947 Iudaeis
2634 2893 2840 2946 habitus

1780 2989 1862 3035 est
1899 2983 1924 3035 I
1965 2983 2085 3044 321,
2131 2983 2174 3034 1.
2217 2983 2336 3043 329,
2382 2983 2460 3037 13.
2494 2984 2617 3045 331,
2651 2987 2698 3037 9.
2730 2983 2837 3042 716,

1780 3073 1860 3125 17.
1903 3074 2016 3126 cius
2053 3074 2312 3126 miracula
2348 3089 2457 3126 non
2496 3076 2710 3144 magica
2746 3076 2840 3127 uir-

1776 3164 1894 3213 tute
1933 3161 2079 3215 facta
2118 3179 2233 3216 esse
2272 3163 2297 3214 Ι
2335 3163 2457 3224 320,
2493 3164 2574 3215 19.
2617 3164 2735 3225 329,
2768 3163 2839 3215 13.

1776 3251 1896 3310 330,
1955 3252 2003 3303 2.
2063 3252 2183 3314 331,
2241 3253 2289 3304 9.
2349 3252 2470 3312 334,
2529 3253 2575 3304 1.
2631 3252 2750 3314 408,
2799 3252 2839 3304 3.

1773 3339 1896 3402 409,
1951 3339 1998 3390 6.
2058 3339 2121 3391 18
2175 3357 2242 3392 ss.
2299 3341 2418 3400 716,
2473 3341 2555 3393 17.
2617 3357 2737 3393 611111
2791 3357 2842 3393 ex

1774 3427 2047 3480 miraculis
2087 3427 2245 3481 deum
2286 3428 2430 3481 credi
2468 3428 2495 3480 I
2532 3429 2659 3494 407,
2689 3430 2751 3482 18
2780 3446 2840 3483 sS.

1774 3516 2044 3584 increpuit
2081 3517 2310 3570 Iudaeos
2350 3517 2376 3569 1
2414 3518 2535 3580 341,
2572 3519 2619 3574 1.
2656 3520 2773 3580 717,
2799 3520 2843 3571 4.

1776 3621 1895 3656 611111
1960 3604 2270 3658 adfirmauit
2331 3604 2564 3674 scriptor
2638 3606 2844 3675 quidam

1776 3693 2112 3762 (Hierocles)
2153 3710 2185 3745 a
2211 3693 2427 3746 Iudaeis
2467 3694 2718 3763 fugatum
2744 3695 2844 3748 col-

1772 3784 1917 3836 lecta
1950 3786 2352 3851 nongentorum
2380 3781 2661 3837 hominum
2693 3799 2843 3835 manu

1773 3873 2056 3925 latrocinia
2105 3872 2296 3924 fecisse
2344 3872 2369 3924 I
2416 3873 2540 3934 407,
2587 3873 2668 3926 12.
2710 3872 2840 3925 1116111

1772 3961 2120 4013 insolentiam
2162 3960 2364 4014 Christi
2413 3961 2590 4013 uoluit
2629 3977 2840 4029 arguere

1772 4050 1798 4102 I
1834 4049 1956 4112 408,
1999 4050 2044 4101 7.
2087 4048 2334 4102 Christus
2375 4066 2548 4115 agnus
2591 4050 2838 4103 candidus

1773 4138 1890 4191 sine
1937 4138 2149 4192 macula
2196 4154 2227 4190 a
2270 4137 2487 4190 Iudaeis
2539 4139 2836 4192 immolatus

1770 4228 1798 4281 I
1836 4228 1955 4288 383,
2007 4230 2090 4281 20.
2142 4228 2256 4279 eius
2296 4228 2477 4295 passio
2517 4228 2544 4279 1
2584 4228 2703 4290 337,
2742 4229 2832 4280 9-

1773 4319 1893 4376 362,
1946 4319 1992 4370 7.
2045 4319 2164 4378 717,
2218 4317 2444 4373 1-720,
2489 4316 2571 4370 11.
2614 4333 2717 4385 quo
2756 4315 2832 4366 die

575 4405 695 4462 715,
752 4406 831 4457 14.
888 4402 1018 4456 deus
1071 4410 1127 4456 et
1176 4405 1333 4458 1101110
1386 4406 1412 4458 Ι
1450 4407 1572 4469 317,
1613 4359 1676 4464 21
1773 4411 1827 4459 et
1879 4423 1982 4474 quo
2037 4423 2174 4458 anno
2233 4405 2373 4458 cruci
2431 4403 2635 4458 adfixus
2672 4406 2760 4469 ,sit
2809 4402 2833 4455 I
