3132 5043
1102 483 1486 536 nominum

404 672 542 724 tutis
591 689 729 741 quae
776 674 1008 727 Bellona
1054 677 1279 728 uocatur
1335 692 1487 729 sacra

402 760 430 813 Ι
469 761 554 826 81,
597 764 680 816 15.

330 850 540 904 uiscera
585 851 642 904 II
689 853 776 916 24,
821 854 884 906 16
924 869 993 906 ss,
1052 854 1267 907 interna
1303 853 1360 907 11
1397 856 1482 917 38,

406 939 488 992 17.
549 941 782 993 animam
831 943 1116 994 continent
1162 943 1218 995 in
1266 960 1483 1012 corpore

401 1027 457 1080 ΙΙ
494 1029 581 1092 50,
622 1032 670 1083 5.

330 1115 480 1170 uisus'
520 1118 788 1186 quomodo
828 1119 927 1172 fiat
962 1119 1018 1172 ΙΙ
1055 1121 1142 1182 29,
1188 1120 1250 1173 13
1289 1138 1356 1174 se.
1399 1121 1481 1183 31,

401 1207 468 1260 25
508 1224 579 1259 ss.
618 1207 675 1259 in
714 1207 848 1261 duas
888 1209 1030 1262 acies
1070 1208 1278 1261 diuisus
1311 1209 1366 1261 II
1395 1211 1481 1271 34,

404 1295 485 1347 14.
526 1295 766 1349 Lucretii
804 1296 869 1349 de
909 1313 971 1350 eo
1011 1299 1287 1350 sententia
1322 1297 1482 1350 refel-

399 1383 532 1436 litur
568 1384 623 1437 II
661 1386 748 1449 30,
791 1387 855 1440 15
895 1403 964 1438 ss,

326 1472 447 1524 uita
485 1472 554 1527 cf.
594 1474 772 1530 homo,
812 1505 877 1513 —
918 1475 1037 1527 uita
1086 1475 1250 1527 beata
1295 1475 1323 1526 I
1360 1476 1481 1538 209,

399 1563 449 1613 4.
490 1562 614 1624 211,
649 1564 729 1617 16.
770 1563 889 1626 7Ο5,
923 1563 1005 1615 19.
1045 1563 1128 1615 De
1167 1563 1285 1615 uita
1322 1562 1483 1614 beata

397 1649 493 1703 lib.
533 1650 641 1703 VII
677 1651 857 1704 Instit.
897 1651 1189 1720 inscriptus
1230 1654 1326 1703 est.

325 1739 465 1792 uitia
501 1756 611 1792 non
652 1739 1013 1793 consecranda
1053 1744 1180 1793 sunt
1216 1740 1242 1792 I
1284 1741 1366 1803 74,
1399 1741 1478 1794 16.

398 1828 465 1880 cf.
505 1829 650 1882 uiae.
688 1830 877 1882 uirtus.
1309 1888 1318 1896 ‚

323 1917 534 1973 uitreus
577 1918 721 1970 orbis
758 1918 949 1987 plenus
986 1935 1158 1986 aquae
1189 1918 1234 1971 si
1262 1921 1482 1970 tenetur

395 2006 452 2058 in
491 2007 626 2071 sole,
666 2007 808 2075 ignis
862 2007 1173 2060 accenditur
1209 2007 1265 2059 11
1304 2007 1390 2068 88,
1430 2009 1477 2060 5.

323 2095 552 2148 nitrum:
596 2096 664 2148 cf.
701 2096 951 2150 fenestra.

323 2184 505 2237 Vlixes
543 2185 573 2238 Ι
612 2186 697 2247 93,
740 2187 786 2238 9.

322 2273 612 2327 umbilicus
651 2273 707 2327 ΙΙ
746 2275 829 2337 38,
872 2274 954 2328 13.

322 2363 523 2415 umoris
575 2363 660 2416 uis
710 2366 765 2415 et
812 2363 1135 2431 significatio
1184 2363 1210 2416 Ι
1254 2364 1370 2426 144,
1411 2365 1478 2417 20

394 2469 464 2506 ss,
508 2453 628 2514 156,
673 2453 754 2505 12.

322 2558 536 2610 ungues
578 2542 635 2595 ΙΙ
674 2543 760 2604 37,
805 2542 885 2594 11.

322 2647 425 2682 uox
466 2630 601 2699 quid
626 2630 700 2683 sit
726 2630 781 2682 H
806 2632 892 2692 50,
923 2631 971 2683 9.
1014 2630 1280 2698 quomodo
1322 2632 1475 2683 emit-

391 2723 545 2772 tatur
590 2718 647 2772 II
693 2720 778 2782 40,
823 2720 903 2772 16.
946 2720 1028 2771 17.
1084 2721 1170 2782 41,
1210 2720 1260 2772 4.
1303 2720 1351 2774 7.
1395 2720 1474 2772 10.

390 2808 586 2876 lingua
622 2825 809 2861 uocem
846 2810 903 2861 in
942 2809 1105 2862 uerba
1138 2809 1394 2861 discernit
1421 2808 1475 2861 ΙΙ

391 2899 477 2958 35,
504 2898 556 2949 4.
591 2897 784 2951 Graeci
814 2896 977 2967 αὐδήν
1009 2902 1207 2950 uocant
1234 2897 1289 2951 ΙΙ
1317 2899 1402 2960 29,
1427 2900 1474 2950 5.

320 2986 526 3040 Vrania
565 2986 592 3038 I
632 2988 717 3050 56,
762 2988 845 3042 17.

320 3076 530 3128 Vranus
571 3080 727 3145 pater
766 3076 983 3129 Saturni
1021 3075 1048 3127 Ι
1086 3076 1171 3137 47,
1217 3074 1299 3128 12.
1352 3075 1471 3135 689,

394 3164 439 3216 1.
491 3165 781 3233 [cognatus
821 3164 1160 3232 Trismegisti
1199 3163 1226 3215 Ι
1262 3165 1348 3226 47,
1392 3165 1472 3217 15.
1530 3198 1878 3268 Xenophanis
1945 3198 2009 3250 de

278 3307 281 3308 ⁷
390 3253 513 3316 686,
556 3255 630 3322 5.]
691 3254 758 3306 de
810 3254 925 3306 eius
973 3256 1153 3306 aetate
1194 3252 1222 3305 Ι
1264 3253 1383 3316 161,
1425 3254 1471 3306 3.

387 3343 603 3395 Vranus
652 3343 742 3396 uel
790 3340 983 3396 Caelus
1030 3359 1158 3394 num
1212 3344 1336 3394 ante
1377 3342 1472 3394 Sa—

1547 490 1620 536 et
1675 502 1940 539 rerum.

2561 493 2687 556 361

1613 678 1640 730 Ι
1679 677 1763 742 70,
1806 680 1886 733 14.
1945 680 2087 747 ignis
2134 685 2358 749 putatur
2404 682 2430 734 I
2476 684 2564 748 49,
2608 685 2690 737 12.

1617 765 1733 830 121,
1774 767 1860 822 23.
1901 768 2016 820 eius
2054 769 2196 838 ignis
2238 771 2264 823 Ι
2301 772 2423 833 677,
2466 772 2546 825 18.
2588 772 2691 825 diis

1612 871 1761 906 arma
1796 853 1941 919 fecit,
1984 857 2099 910 eius
2140 860 2434 926 praemium
2463 859 2491 912 Ι
2524 861 2608 923 66,
2640 863 2689 914 7.

1615 943 1695 996 10.
1737 944 1859 1008 683,
1899 945 1948 997 2.
2006 944 2237 999 Lemnos
2290 964 2407 1000 eum
2458 948 2626 1002 coluit
2664 950 2692 1003 I

1612 1032 1697 1093 56,
1742 1032 1822 1085 19.
1868 1036 1993 1086 ante
2035 1050 2153 1087 eum
2190 1035 2434 1090 homines
2471 1037 2693 1091 fuerunt

1610 1119 1638 1173 Ι
1677 1119 1799 1184 283,
1842 1121 1924 1175 14.

1538 1208 1735 1276 uulgus
1785 1224 2011 1277 regnare
2058 1210 2115 1263 in
2169 1211 2314 1265 caelo
2352 1212 2540 1266 Iouem
2579 1215 2688 1268 exi-

1610 1297 1799 1349 stimat
1834 1296 1861 1348 I
1900 1298 1984 1361 37,
2028 1299 2072 1351 1.
2112 1302 2444 1354 mortuorum
2484 1303 2690 1357 animas

1611 1383 1752 1436 circa
1788 1386 2025 1439 tumulos
2065 1390 2122 1439 et
2162 1404 2440 1457 corporum
2471 1407 2688 1445 suorum

1608 1471 1866 1541 reliquias
1906 1474 2152 1529 oberrare
2190 1477 2218 1529 Ι
2252 1479 2367 1540 100,
2398 1480 2446 1532 3.
2489 1478 2689 1533 Osirim

1609 1560 1849 1629 appellat
1887 1563 2130 1633 Serapim
2167 1565 2194 1617 I
2232 1565 2319 1633 82,
2359 1569 2442 1623 15.
2489 1569 2689 1637 uulgus

1609 1648 1883 1703 indoctum
1924 1653 2135 1721 pompis
2174 1655 2425 1709 inanibus
2465 1657 2685 1726 gaudet,

1609 1739 1789 1806 specie
1856 1740 2258 1795 simulacrorum
2320 1744 2530 1814 capitur
2589 1763 2690 1799 nec

1606 1826 1906 1895 ponderare
1964 1846 2144 1883 secum
2201 1848 2363 1885 unam
2417 1851 2689 1904 quamque

1606 1932 1718 1968 rem
1776 1920 1961 1986 potest
2006 1919 2034 1972 I
2086 1920 2200 1982 104,
2258 1921 2338 1974 17.
2405 1925 2608 1977 ueritas
2658 1942 2692 1977 a

1607 2006 1772 2073 uulgo
1804 2007 2070 2076 corrumpi
2100 2008 2241 2061 solet
2268 2009 2295 2061 Ι
2329 2011 2446 2074 148,
2477 2013 2524 2064 2.
2566 2014 2685 2066 uul-

1608 2110 1706 2162 gus
1763 2094 2037 2148 fortunam
2088 2096 2239 2149 deam
2291 2103 2466 2166 putat,
2506 2101 2687 2169 philo-

1607 2182 1764 2251 sophi
1804 2182 1962 2236 deum
2004 2201 2118 2237 esse
2160 2185 2348 2239 dicunt
2383 2189 2411 2241 Ι
2445 2190 2565 2252 267,
2598 2192 2684 2244 20.

1604 2272 1800 2340 uulgus
1839 2272 2112 2325 interdum
2149 2275 2271 2342 plus
2311 2277 2457 2345 sapit
2495 2280 2686 2344 (quam

1594 2361 1955 2428 philosophi),
1996 2363 2122 2430 quia
2158 2366 2374 2416 tantum
2422 2368 2683 2432 quantum

1607 2465 1740 2517 opus
1791 2452 1873 2501 est
1920 2451 2065 2519 sapit
2102 2451 2127 2504 1
2172 2452 2289 2518 186,
2332 2453 2396 2506 18
2435 2470 2503 2506 ss,
2563 2454 2682 2507 uul-

1605 2555 1721 2607 guS,
1781 2539 1866 2591 eui
1922 2540 2147 2608 simplex
2203 2541 2685 2611 incorruptumque

1602 2627 1864 2680 iudicium
1925 2630 2024 2691 est,
2082 2628 2364 2682 damnabit
2426 2632 2686 2699 mysteria

1603 2717 1660 2769 in
1688 2717 1996 2769 memoriam
2024 2720 2358 2769 mortuorum
2384 2718 2685 2771 constituta

1602 2806 1630 2859 Ι
1656 2807 1778 2869 465,
1809 2806 1859 2860 3.
1883 2836 1949 2843 -
1982 2805 2045 2858 cf.
2079 2806 2242 2857 etiam
2267 2805 2439 2859 Indic.
2471 2807 2683 2859 uerbor.

1530 3019 1850 3073 Xenocratis
1917 3018 1981 3071 de
2048 3021 2228 3072 mente
2294 3019 2569 3073 sententia
2626 3019 2684 3072 11

1603 3110 1688 3171 54,
1733 3109 1778 3162 1.

2081 3199 2211 3250 luna
2274 3202 2420 3250 terra
2484 3213 2683 3266 genere

1600 3288 1875 3340 hominum
1954 3287 2256 3340 sententiae
2331 3285 2357 3337 I
2432 3287 2552 3350 254,
2628 3286 2679 3337 4.

1603 3377 1723 3437 709,
1768 3376 1852 3428 28.

386 3434 610 3485 turnum
663 3431 972 3499 regnauerit
1027 3431 1055 3483 Ι
1108 3432 1193 3495 52,
1247 3431 1471 3484 19-21.
1527 3464 1827 3538 Xenophon
1865 3464 1920 3516 Π
1960 3466 2044 3527 97,
2087 3464 2167 3516 11.

388 3522 475 3584 53,
514 3523 566 3573 4.
599 3520 648 3574 5.
692 3522 817 3572 ante
858 3536 977 3572 eum
1014 3536 1170 3588 reges
1209 3536 1317 3572 non
1356 3520 1472 3573 fue-

386 3610 518 3661 runt
556 3609 582 3660 Ι
621 3611 707 3672 55,
753 3609 834 3662 13.
875 3609 987 3661 eius
1029 3608 1254 3661 coniunx
1290 3607 1471 3660 Tellus

388 3698 416 3749 I
456 3699 542 3758 92,
589 3697 673 3749 19.

316 3787 475 3838 urina
510 3786 569 3838 ΙΙ
606 3787 692 3847 42,
737 3786 818 3840 14.
858 3785 944 3838 20.

316 3890 481 3926 usura
519 3873 546 3925 Ι
587 3874 708 3934 547,
750 3874 835 3926 24.
877 3873 998 3935 744,
1052 3876 1088 3926 1.

315 3962 504 4015 uterus
543 3960 602 4013 ΙΙ
639 3961 726 4022 43,
765 3962 816 4013 4.
855 3961 942 4022 44,
986 3961 1031 4012 1.

315 4066 439 4112 uua,
481 4047 719 4102 demissa
748 4048 813 4102 de
846 4048 1062 4101 cerebro
1091 4048 1316 4101 membri
1345 4066 1467 4117 por-

385 4139 469 4191 tio
509 4138 567 4190 II
605 4138 692 4200 40,
730 4139 780 4190 4.
825 4139 905 4190 12.

1526 3676 1574 3728 Y
1611 3676 1829 3728 litterae
1867 3675 2136 3728 humanae
2174 3674 2324 3726 uitae
2364 3689 2574 3726 cursum
2604 3672 2679 3724 si-

1598 3765 1782 3818 milem
1831 3764 2015 3816 dicunt
2058 3762 2086 3816 Ι
2122 3762 2244 3825 486,
2290 3761 2549 3824 17-488,
2595 3759 2677 3812 19.

1525 3960 1811 4013 Zacharias
1883 3957 2153 4028 propheta
2217 3956 2244 4008 I
2309 3955 2431 4018 285,
2503 3956 2569 4008 14
2634 3972 2676 4008 s,

1597 4050 1717 4111 327,
1765 4049 1814 4101 4.

1526 4137 1633 4208 Ζήν
1675 4136 1740 4190 cf.
1782 4136 1927 4206 Zeug.
2015 4173 2018 4177 »
2180 4172 2185 4176 -

316 4229 592 4281 Vulcanus
635 4227 945 4291 (Volcanus)
986 4226 1146 4278 1101110
1184 4226 1289 4279 fuit
1326 4226 1353 4278 I
1383 4226 1466 4290 60,
1524 4226 1664 4278 Zeno
1693 4225 1988 4294 Epicureus
2029 4222 2093 4275 de
2127 4223 2347 4275 Socrate
2379 4221 2405 4274 I
2434 4221 2556 4284 247,
2591 4222 2674 4274 12.

386 4318 435 4370 7.
496 4316 723 4369 daemon
773 4319 855 4368 est
896 4316 923 4368 I
962 4315 1083 4377 388,
1127 4316 1174 4368 7.
1232 4315 1467 4368 fabricae
1523 4316 1664 4367 Zeno
1711 4314 1961 4382 princeps
2011 4312 2312 4364 Stoicorum
2359 4310 2386 4361 I
2428 4310 2547 4371 188,
2590 4311 2674 4362 12.

382 4404 635 4458 inuentio
684 4404 733 4456 ei
779 4404 1227 4458 inmortalitatem
1258 4406 1465 4473 peperit

420 4530 614 4569 XXVII.
646 4531 771 4569 Lact.
803 4532 844 4580 2,
876 4530 985 4569 fasc.
1016 4533 1058 4569 2.

1595 4404 1651 4456 I[
1699 4405 1784 4466 94,
1825 4403 1874 4455 2.
1934 4401 2038 4454 sibi
2085 4401 2201 4469 ipse
2248 4416 2436 4453 manus
2484 4397 2678 4449 intulit

2532 4504 2602 4556 24
