<?xml version="1.0" encoding="UTF-8"?>
<!DOCTYPE html PUBLIC "-//W3C//DTD XHTML 1.0 Transitional//EN"
    "http://www.w3.org/TR/xhtml1/DTD/xhtml1-transitional.dtd">
<html xmlns="http://www.w3.org/1999/xhtml" xml:lang="en" lang="en">
 <head>
  <title>
</title>
<meta http-equiv="Content-Type" content="text/html;charset=utf-8" />
  <meta name='ocr-system' content='tesseract 3.04.00' />
  <meta name='ocr-capabilities' content='ocr_page ocr_carea ocr_par ocr_line ocrx_word'/>
</head>
<body>
  <div class='ocr_page' id='page_1' title='image "./corpusscriptoru30wissgoog_0097.png"; bbox 0 0 3132 5043; ppageno 0'>
   <div class='ocr_carea' id='block_1_1' title="bbox 1146 448 2570 513">
    <p class='ocr_par' dir='ltr' id='par_1_1' title="bbox 1146 448 2570 513">
     <span class='ocr_line' id='line_1_1' title="bbox 1146 448 2570 513; baseline 0.008 -12"><span class='ocrx_word' id='word_1_1' title='bbox 1146 448 1358 502; x_wconf 89' lang='lat' dir='ltr'>liber</span> <span class='ocrx_word' id='word_1_2' title='bbox 1405 466 1448 502; x_wconf 90' lang='lat' dir='ltr'>c.</span> <span class='ocrx_word' id='word_1_3' title='bbox 1488 449 1575 501; x_wconf 81' lang='lat'>44.</span> <span class='ocrx_word' id='word_1_4' title='bbox 1614 449 1700 500; x_wconf 80' lang='lat'>45.</span> <span class='ocrx_word' id='word_1_5' title='bbox 2440 449 2570 513; x_wconf 83' lang='lat'>225</span> 
     </span>
    </p>
   </div>
   <div class='ocr_carea' id='block_1_2' title="bbox 188 642 2787 2960">
    <p class='ocr_par' dir='ltr' id='par_1_2' title="bbox 272 642 2787 1051">
     <span class='ocr_line' id='line_1_2' title="bbox 360 642 2787 729; baseline -0.001 -21"><span class='ocrx_word' id='word_1_6' title='bbox 360 649 466 709; x_wconf 80' lang='lat'>45.</span> <span class='ocrx_word' id='word_1_7' title='bbox 562 645 1018 711; x_wconf 78' lang='lat' dir='ltr'>Constantinus</span> <span class='ocrx_word' id='word_1_8' title='bbox 1054 642 1059 729; x_wconf 70' lang='grc' dir='ltr'>ξ</span> <span class='ocrx_word' id='word_1_9' title='bbox 1094 645 1285 708; x_wconf 89' lang='lat' dir='ltr'>rebus</span> <span class='ocrx_word' id='word_1_10' title='bbox 1330 645 1394 708; x_wconf 91' lang='lat' dir='ltr'>in</span> <span class='ocrx_word' id='word_1_11' title='bbox 1434 644 1589 707; x_wconf 91' lang='lat' dir='ltr'>urbe</span> <span class='ocrx_word' id='word_1_12' title='bbox 1630 643 2002 726; x_wconf 87' lang='lat' dir='ltr'>compositis</span> <span class='ocrx_word' id='word_1_13' title='bbox 2042 643 2250 707; x_wconf 90' lang='lat' dir='ltr'>hieme</span> <span class='ocrx_word' id='word_1_14' title='bbox 2288 643 2572 726; x_wconf 86' lang='lat' dir='ltr'>proxima</span> <span class='ocrx_word' id='word_1_15' title='bbox 2629 645 2655 697; x_wconf 92' lang='grc'>1</span> <span class='ocrx_word' id='word_1_16' title='bbox 2679 661 2787 695; x_wconf 71' lang='lat' dir='ltr'>mn,</span> 
     </span>
     <span class='ocr_line' id='line_1_3' title="bbox 272 749 2575 831; baseline -0.002 -15"><span class='ocrx_word' id='word_1_17' title='bbox 272 752 702 817; x_wconf 86' lang='lat' dir='ltr'>Mediolanum</span> <span class='ocrx_word' id='word_1_18' title='bbox 759 751 1093 815; x_wconf 80' lang='lat' dir='ltr'>concessit.</span> <span class='ocrx_word' id='word_1_19' title='bbox 1163 750 1385 814; x_wconf 87' lang='lat' dir='ltr'>eodem</span> <span class='ocrx_word' id='word_1_20' title='bbox 1440 749 1725 814; x_wconf 82' lang='lat' dir='ltr'>Licinius</span> <span class='ocrx_word' id='word_1_21' title='bbox 1783 749 2061 826; x_wconf 89' lang='lat' dir='ltr'>aduenit,</span> <span class='ocrx_word' id='word_1_22' title='bbox 2124 752 2199 812; x_wconf 89' lang='lat' dir='ltr'>ut</span> <span class='ocrx_word' id='word_1_23' title='bbox 2262 749 2575 831; x_wconf 89' lang='lat' dir='ltr'>acciperet</span> 
     </span>
     <span class='ocr_line' id='line_1_4' title="bbox 272 855 2660 937; baseline -0.004 -15"><span class='ocrx_word' id='word_1_24' title='bbox 272 878 549 922; x_wconf 89' lang='lat' dir='ltr'>uxorem.</span> <span class='ocrx_word' id='word_1_25' title='bbox 640 858 1024 921; x_wconf 82' lang='lat' dir='ltr'>Maximinus</span> <span class='ocrx_word' id='word_1_26' title='bbox 1070 856 1181 920; x_wconf 91' lang='lat' dir='ltr'>ubi</span> <span class='ocrx_word' id='word_1_27' title='bbox 1231 876 1338 921; x_wconf 91' lang='lat' dir='ltr'>eos</span> <span class='ocrx_word' id='word_1_28' title='bbox 1385 857 1699 920; x_wconf 82' lang='lat' dir='ltr'>intellexit</span> <span class='ocrx_word' id='word_1_29' title='bbox 1745 855 2112 937; x_wconf 83' lang='lat' dir='ltr'>nuptiarum</span> <span class='ocrx_word' id='word_1_30' title='bbox 2152 855 2571 921; x_wconf 88' lang='lat' dir='ltr'>sollemnibus</span> <span class='ocrx_word' id='word_1_31' title='bbox 2627 860 2660 912; x_wconf 83' lang='lat'>2</span> 
     </span>
     <span class='ocr_line' id='line_1_5' title="bbox 274 960 2572 1051; baseline -0.002 -21"><span class='ocrx_word' id='word_1_32' title='bbox 274 968 640 1047; x_wconf 78' lang='lat' dir='ltr'>occupatoS‚</span> <span class='ocrx_word' id='word_1_33' title='bbox 670 964 1013 1029; x_wconf 88' lang='lat' dir='ltr'>exercitum</span> <span class='ocrx_word' id='word_1_34' title='bbox 1050 963 1260 1027; x_wconf 91' lang='lat' dir='ltr'>mouit</span> <span class='ocrx_word' id='word_1_35' title='bbox 1298 983 1330 1026; x_wconf 92' lang='lat' dir='ltr'>e</span> <span class='ocrx_word' id='word_1_36' title='bbox 1371 962 1549 1046; x_wconf 76' lang='lat' dir='ltr'>Syria</span> <span class='ocrx_word' id='word_1_37' title='bbox 1586 963 1795 1027; x_wconf 85' lang='lat' dir='ltr'>hieme</span> <span class='ocrx_word' id='word_1_38' title='bbox 1836 960 2074 1051; x_wconf 91' lang='lat' dir='ltr'>[quam]</span> <span class='ocrx_word' id='word_1_39' title='bbox 2119 982 2262 1027; x_wconf 90' lang='lat' dir='ltr'>cum</span> <span class='ocrx_word' id='word_1_40' title='bbox 2300 962 2572 1027; x_wconf 82' lang='lat' dir='ltr'>maxime</span> 
     </span>
    </p>

    <p class='ocr_par' dir='ltr' id='par_1_3' title="bbox 214 1070 2661 1583">
     <span class='ocr_line' id='line_1_6' title="bbox 214 1070 2575 1153; baseline -0.001 -17"><span class='ocrx_word' id='word_1_41' title='bbox 214 1100 237 1137; x_wconf 69' lang='grc' dir='ltr'><strong>ο</strong></span> <span class='ocrx_word' id='word_1_42' title='bbox 272 1072 595 1136; x_wconf 90' lang='lat' dir='ltr'>saeuiente</span> <span class='ocrx_word' id='word_1_43' title='bbox 663 1075 727 1135; x_wconf 92' lang='lat' dir='ltr'>et</span> <span class='ocrx_word' id='word_1_44' title='bbox 790 1070 1229 1134; x_wconf 87' lang='lat' dir='ltr'>mansionibus</span> <span class='ocrx_word' id='word_1_45' title='bbox 1297 1070 1637 1153; x_wconf 89' lang='lat' dir='ltr'>geminatis</span> <span class='ocrx_word' id='word_1_46' title='bbox 1703 1070 1766 1133; x_wconf 92' lang='lat' dir='ltr'>in</span> <span class='ocrx_word' id='word_1_47' title='bbox 1827 1071 2191 1153; x_wconf 75' lang='lat' dir='ltr'>Bithyniam</span> <span class='ocrx_word' id='word_1_48' title='bbox 2258 1071 2575 1135; x_wconf 85' lang='lat' dir='ltr'>concurrit</span> 
     </span>
     <span class='ocr_line' id='line_1_7' title="bbox 273 1176 2660 1261; baseline -0 -19"><span class='ocrx_word' id='word_1_49' title='bbox 273 1178 605 1242; x_wconf 87' lang='lat' dir='ltr'>debilitato</span> <span class='ocrx_word' id='word_1_50' title='bbox 654 1178 925 1261; x_wconf 87' lang='lat' dir='ltr'>agmine.</span> <span class='ocrx_word' id='word_1_51' title='bbox 1018 1196 1163 1240; x_wconf 90' lang='lat' dir='ltr'>nam</span> <span class='ocrx_word' id='word_1_52' title='bbox 1212 1176 1502 1240; x_wconf 85' lang='lat' dir='ltr'>maximis</span> <span class='ocrx_word' id='word_1_53' title='bbox 1547 1176 1861 1240; x_wconf 89' lang='lat' dir='ltr'>imbribus</span> <span class='ocrx_word' id='word_1_54' title='bbox 1910 1181 1974 1240; x_wconf 93' lang='lat' dir='ltr'>et</span> <span class='ocrx_word' id='word_1_55' title='bbox 2017 1177 2276 1241; x_wconf 89' lang='lat' dir='ltr'>niuibus</span> <span class='ocrx_word' id='word_1_56' title='bbox 2325 1181 2390 1240; x_wconf 92' lang='lat' dir='ltr'>et</span> <span class='ocrx_word' id='word_1_57' title='bbox 2432 1179 2570 1241; x_wconf 91' lang='lat' dir='ltr'>luto</span> <span class='ocrx_word' id='word_1_58' title='bbox 2627 1182 2660 1233; x_wconf 83' lang='lat'>3</span> 
     </span>
     <span class='ocr_line' id='line_1_8' title="bbox 272 1284 2573 1369; baseline -0 -20"><span class='ocrx_word' id='word_1_59' title='bbox 272 1293 333 1349; x_wconf 88' lang='lat' dir='ltr'>et</span> <span class='ocrx_word' id='word_1_60' title='bbox 377 1286 611 1369; x_wconf 88' lang='lat' dir='ltr'>frigore</span> <span class='ocrx_word' id='word_1_61' title='bbox 659 1287 723 1349; x_wconf 91' lang='lat' dir='ltr'>et</span> <span class='ocrx_word' id='word_1_62' title='bbox 767 1285 982 1349; x_wconf 89' lang='lat' dir='ltr'>labore</span> <span class='ocrx_word' id='word_1_63' title='bbox 1030 1284 1317 1347; x_wconf 90' lang='lat' dir='ltr'>iumenta</span> <span class='ocrx_word' id='word_1_64' title='bbox 1363 1284 1568 1347; x_wconf 87' lang='lat' dir='ltr'>omnis</span> <span class='ocrx_word' id='word_1_65' title='bbox 1620 1284 1870 1367; x_wconf 87' lang='lat' dir='ltr'>generis</span> <span class='ocrx_word' id='word_1_66' title='bbox 1918 1284 2154 1348; x_wconf 90' lang='lat' dir='ltr'>amissa</span> <span class='ocrx_word' id='word_1_67' title='bbox 2201 1287 2372 1348; x_wconf 89' lang='lat' dir='ltr'>sunt.</span> <span class='ocrx_word' id='word_1_68' title='bbox 2423 1303 2573 1366; x_wconf 92' lang='lat' dir='ltr'>quo-</span> 
     </span>
     <span class='ocr_line' id='line_1_9' title="bbox 270 1389 2573 1473; baseline -0 -19"><span class='ocrx_word' id='word_1_69' title='bbox 270 1411 408 1454; x_wconf 86' lang='lat' dir='ltr'>rum</span> <span class='ocrx_word' id='word_1_70' title='bbox 453 1391 840 1456; x_wconf 91' lang='lat' dir='ltr'>miserabilis</span> <span class='ocrx_word' id='word_1_71' title='bbox 886 1411 999 1473; x_wconf 90' lang='lat' dir='ltr'>per</span> <span class='ocrx_word' id='word_1_72' title='bbox 1044 1390 1215 1453; x_wconf 87' lang='lat' dir='ltr'>uiam</span> <span class='ocrx_word' id='word_1_73' title='bbox 1267 1393 1513 1473; x_wconf 87' lang='lat' dir='ltr'>strages</span> <span class='ocrx_word' id='word_1_74' title='bbox 1561 1390 1840 1471; x_wconf 90' lang='lat' dir='ltr'>speciem</span> <span class='ocrx_word' id='word_1_75' title='bbox 1887 1389 2016 1452; x_wconf 87' lang='lat' dir='ltr'>iam</span> <span class='ocrx_word' id='word_1_76' title='bbox 2062 1389 2265 1453; x_wconf 88' lang='lat' dir='ltr'>futuri</span> <span class='ocrx_word' id='word_1_77' title='bbox 2309 1389 2464 1454; x_wconf 89' lang='lat' dir='ltr'>belli</span> <span class='ocrx_word' id='word_1_78' title='bbox 2512 1394 2573 1454; x_wconf 89' lang='lat' dir='ltr'>et</span> 
     </span>
     <span class='ocr_line' id='line_1_10' title="bbox 271 1495 2661 1583; baseline -0.003 -21"><span class='ocrx_word' id='word_1_79' title='bbox 271 1498 548 1562; x_wconf 90' lang='lat' dir='ltr'>similem</span> <span class='ocrx_word' id='word_1_80' title='bbox 596 1497 842 1562; x_wconf 87' lang='lat' dir='ltr'>cladem</span> <span class='ocrx_word' id='word_1_81' title='bbox 889 1496 1203 1561; x_wconf 89' lang='lat' dir='ltr'>militibus</span> <span class='ocrx_word' id='word_1_82' title='bbox 1251 1495 1602 1583; x_wconf 80' lang='lat' dir='ltr'>nuntiabat.</span> <span class='ocrx_word' id='word_1_83' title='bbox 1696 1514 1808 1559; x_wconf 91' lang='lat' dir='ltr'>nec</span> <span class='ocrx_word' id='word_1_84' title='bbox 1845 1496 1984 1578; x_wconf 85' lang='lat' dir='ltr'>ipse</span> <span class='ocrx_word' id='word_1_85' title='bbox 2021 1496 2187 1560; x_wconf 87' lang='lat' dir='ltr'>intra</span> <span class='ocrx_word' id='word_1_86' title='bbox 2223 1495 2381 1560; x_wconf 89' lang='lat' dir='ltr'>fines</span> <span class='ocrx_word' id='word_1_87' title='bbox 2421 1516 2573 1561; x_wconf 88' lang='lat' dir='ltr'>suos</span> <span class='ocrx_word' id='word_1_88' title='bbox 2627 1503 2661 1554; x_wconf 85' lang='lat'>4</span> 
     </span>
    </p>

    <p class='ocr_par' dir='ltr' id='par_1_4' title="bbox 194 1602 2662 2113">
     <span class='ocr_line' id='line_1_11' title="bbox 194 1602 2572 1685; baseline -0.002 -13"><span class='ocrx_word' id='word_1_89' title='bbox 194 1633 237 1672; x_wconf 82' lang='grc' dir='ltr'>ιο</span> <span class='ocrx_word' id='word_1_90' title='bbox 269 1608 554 1670; x_wconf 90' lang='lat' dir='ltr'>moratus</span> <span class='ocrx_word' id='word_1_91' title='bbox 614 1607 732 1679; x_wconf 86' lang='lat' dir='ltr'>est,</span> <span class='ocrx_word' id='word_1_92' title='bbox 783 1604 897 1668; x_wconf 90' lang='lat' dir='ltr'>sed</span> <span class='ocrx_word' id='word_1_93' title='bbox 950 1603 1296 1667; x_wconf 78' lang='lat' dir='ltr'>tiansiecto</span> <span class='ocrx_word' id='word_1_94' title='bbox 1343 1603 1636 1684; x_wconf 89' lang='lat' dir='ltr'>protinus</span> <span class='ocrx_word' id='word_1_95' title='bbox 1683 1603 1846 1667; x_wconf 85' lang='lat' dir='ltr'>freto</span> <span class='ocrx_word' id='word_1_96' title='bbox 1894 1602 1974 1666; x_wconf 87' lang='lat' dir='ltr'>ad</span> <span class='ocrx_word' id='word_1_97' title='bbox 2020 1603 2312 1685; x_wconf 79' lang='lat' dir='ltr'>Byzantii</span> <span class='ocrx_word' id='word_1_98' title='bbox 2356 1606 2572 1685; x_wconf 90' lang='lat' dir='ltr'>portas</span> 
     </span>
     <span class='ocr_line' id='line_1_12' title="bbox 270 1708 2574 1790; baseline -0 -16"><span class='ocrx_word' id='word_1_99' title='bbox 270 1710 545 1775; x_wconf 87' lang='lat' dir='ltr'>accessit</span> <span class='ocrx_word' id='word_1_100' title='bbox 590 1713 893 1774; x_wconf 79' lang='lat' dir='ltr'>armatus,</span> <span class='ocrx_word' id='word_1_101' title='bbox 945 1711 1123 1773; x_wconf 89' lang='lat' dir='ltr'>erant</span> <span class='ocrx_word' id='word_1_102' title='bbox 1167 1709 1258 1773; x_wconf 94' lang='lat' dir='ltr'>ibi</span> <span class='ocrx_word' id='word_1_103' title='bbox 1306 1709 1544 1774; x_wconf 86' lang='lat' dir='ltr'>milites</span> <span class='ocrx_word' id='word_1_104' title='bbox 1591 1708 2008 1790; x_wconf 85' lang='lat' dir='ltr'>praesidiarii,</span> <span class='ocrx_word' id='word_1_105' title='bbox 2046 1709 2125 1772; x_wconf 89' lang='lat' dir='ltr'>ad</span> <span class='ocrx_word' id='word_1_106' title='bbox 2170 1708 2363 1773; x_wconf 89' lang='lat' dir='ltr'>huius</span> <span class='ocrx_word' id='word_1_107' title='bbox 2402 1709 2574 1773; x_wconf 92' lang='lat' dir='ltr'>modi</span> 
     </span>
     <span class='ocr_line' id='line_1_13' title="bbox 271 1815 2572 1899; baseline -0.001 -18"><span class='ocrx_word' id='word_1_108' title='bbox 271 1837 454 1881; x_wconf 84' lang='lat' dir='ltr'>casus</span> <span class='ocrx_word' id='word_1_109' title='bbox 506 1836 543 1880; x_wconf 89' lang='lat' dir='ltr'>a</span> <span class='ocrx_word' id='word_1_110' title='bbox 586 1816 831 1881; x_wconf 92' lang='lat' dir='ltr'>Licinio</span> <span class='ocrx_word' id='word_1_111' title='bbox 873 1815 1207 1882; x_wconf 90' lang='lat' dir='ltr'>conlocati.</span> <span class='ocrx_word' id='word_1_112' title='bbox 1256 1815 1375 1880; x_wconf 91' lang='lat' dir='ltr'>hos</span> <span class='ocrx_word' id='word_1_113' title='bbox 1412 1815 1690 1897; x_wconf 89' lang='lat' dir='ltr'>primum</span> <span class='ocrx_word' id='word_1_114' title='bbox 1728 1816 2100 1881; x_wconf 88' lang='lat' dir='ltr'>muneribus</span> <span class='ocrx_word' id='word_1_115' title='bbox 2141 1819 2205 1880; x_wconf 90' lang='lat' dir='ltr'>et</span> <span class='ocrx_word' id='word_1_116' title='bbox 2241 1816 2572 1899; x_wconf 87' lang='lat' dir='ltr'>promissis</span> 
     </span>
     <span class='ocr_line' id='line_1_14' title="bbox 266 1922 2570 2006; baseline -0 -19"><span class='ocrx_word' id='word_1_117' title='bbox 266 1924 524 1988; x_wconf 90' lang='lat' dir='ltr'>inlicere</span> <span class='ocrx_word' id='word_1_118' title='bbox 561 1923 923 2006; x_wconf 87' lang='lat' dir='ltr'>temptauit,</span> <span class='ocrx_word' id='word_1_119' title='bbox 953 1926 1178 2005; x_wconf 89' lang='lat' dir='ltr'>postea</span> <span class='ocrx_word' id='word_1_120' title='bbox 1216 1922 1286 1985; x_wconf 92' lang='lat' dir='ltr'>ui</span> <span class='ocrx_word' id='word_1_121' title='bbox 1323 1925 1388 1986; x_wconf 93' lang='lat' dir='ltr'>et</span> <span class='ocrx_word' id='word_1_122' title='bbox 1426 1922 1895 2005; x_wconf 85' lang='lat' dir='ltr'>oppugnatione</span> <span class='ocrx_word' id='word_1_123' title='bbox 1929 1926 2184 2000; x_wconf 86' lang='lat' dir='ltr'>terrere,</span> <span class='ocrx_word' id='word_1_124' title='bbox 2217 1943 2329 1986; x_wconf 92' lang='lat' dir='ltr'>nec</span> <span class='ocrx_word' id='word_1_125' title='bbox 2359 1927 2570 1988; x_wconf 88' lang='lat' dir='ltr'>tamen</span> 
     </span>
     <span class='ocr_line' id='line_1_15' title="bbox 272 2029 2662 2113; baseline -0.002 -19"><span class='ocrx_word' id='word_1_126' title='bbox 272 2032 617 2113; x_wconf 87' lang='lat' dir='ltr'>quicquam</span> <span class='ocrx_word' id='word_1_127' title='bbox 672 2030 774 2094; x_wconf 90' lang='lat' dir='ltr'>uis</span> <span class='ocrx_word' id='word_1_128' title='bbox 832 2032 944 2093; x_wconf 90' lang='lat' dir='ltr'>aut</span> <span class='ocrx_word' id='word_1_129' title='bbox 996 2030 1311 2111; x_wconf 89' lang='lat' dir='ltr'>promissa</span> <span class='ocrx_word' id='word_1_130' title='bbox 1358 2029 1717 2092; x_wconf 88' lang='lat' dir='ltr'>ualuerunt.</span> <span class='ocrx_word' id='word_1_131' title='bbox 1809 2029 1940 2092; x_wconf 88' lang='lat' dir='ltr'>iarn</span> <span class='ocrx_word' id='word_1_132' title='bbox 1988 2029 2350 2110; x_wconf 84' lang='lat' dir='ltr'>consumpti</span> <span class='ocrx_word' id='word_1_133' title='bbox 2399 2035 2574 2093; x_wconf 89' lang='lat' dir='ltr'>erant</span> <span class='ocrx_word' id='word_1_134' title='bbox 2628 2037 2662 2089; x_wconf 81' lang='lat'>5</span> 
     </span>
    </p>

    <p class='ocr_par' dir='ltr' id='par_1_5' title="bbox 190 2136 2661 2645">
     <span class='ocr_line' id='line_1_16' title="bbox 190 2136 2572 2219; baseline -0.002 -16"><span class='ocrx_word' id='word_1_135' title='bbox 190 2166 233 2205; x_wconf 88' lang='lat'>15</span> <span class='ocrx_word' id='word_1_136' title='bbox 271 2137 403 2202; x_wconf 91' lang='lat' dir='ltr'>dies</span> <span class='ocrx_word' id='word_1_137' title='bbox 454 2136 773 2213; x_wconf 88' lang='lat' dir='ltr'>undecim,</span> <span class='ocrx_word' id='word_1_138' title='bbox 820 2156 933 2218; x_wconf 91' lang='lat' dir='ltr'>per</span> <span class='ocrx_word' id='word_1_139' title='bbox 979 2154 1141 2218; x_wconf 89' lang='lat' dir='ltr'>quos</span> <span class='ocrx_word' id='word_1_140' title='bbox 1190 2136 1315 2199; x_wconf 87' lang='lat' dir='ltr'>suit</span> <span class='ocrx_word' id='word_1_141' title='bbox 1362 2136 1643 2219; x_wconf 87' lang='lat' dir='ltr'>spatium</span> <span class='ocrx_word' id='word_1_142' title='bbox 1691 2136 1949 2200; x_wconf 89' lang='lat' dir='ltr'>nuntios</span> <span class='ocrx_word' id='word_1_143' title='bbox 1996 2136 2372 2218; x_wconf 87' lang='lat' dir='ltr'>litterasque</span> <span class='ocrx_word' id='word_1_144' title='bbox 2427 2137 2572 2200; x_wconf 92' lang='lat' dir='ltr'>mit-</span> 
     </span>
     <span class='ocr_line' id='line_1_17' title="bbox 266 2241 2572 2325; baseline 0 -19"><span class='ocrx_word' id='word_1_145' title='bbox 266 2243 441 2307; x_wconf 91' lang='lat' dir='ltr'>tendi</span> <span class='ocrx_word' id='word_1_146' title='bbox 509 2243 589 2308; x_wconf 87' lang='lat' dir='ltr'>ad</span> <span class='ocrx_word' id='word_1_147' title='bbox 650 2244 1117 2325; x_wconf 86' lang='lat' dir='ltr'>imperatorem,</span> <span class='ocrx_word' id='word_1_148' title='bbox 1177 2261 1324 2306; x_wconf 92' lang='lat' dir='ltr'>cum</span> <span class='ocrx_word' id='word_1_149' title='bbox 1389 2242 1628 2306; x_wconf 88' lang='lat' dir='ltr'>milites</span> <span class='ocrx_word' id='word_1_150' title='bbox 1693 2261 1816 2306; x_wconf 92' lang='lat' dir='ltr'>non</span> <span class='ocrx_word' id='word_1_151' title='bbox 1873 2241 2017 2318; x_wconf 86' lang='lat' dir='ltr'>fide,</span> <span class='ocrx_word' id='word_1_152' title='bbox 2076 2242 2189 2306; x_wconf 91' lang='lat' dir='ltr'>sed</span> <span class='ocrx_word' id='word_1_153' title='bbox 2251 2242 2572 2324; x_wconf 90' lang='lat' dir='ltr'>paucitate</span> 
     </span>
     <span class='ocr_line' id='line_1_18' title="bbox 270 2348 2573 2432; baseline 0.001 -20"><span class='ocrx_word' id='word_1_154' title='bbox 270 2349 464 2415; x_wconf 87' lang='lat' dir='ltr'>diffisi</span> <span class='ocrx_word' id='word_1_155' title='bbox 534 2369 601 2414; x_wconf 91' lang='lat' dir='ltr'>se</span> <span class='ocrx_word' id='word_1_156' title='bbox 664 2350 842 2432; x_wconf 89' lang='lat' dir='ltr'>ipsos</span> <span class='ocrx_word' id='word_1_157' title='bbox 910 2348 1236 2413; x_wconf 89' lang='lat' dir='ltr'>dederunt.</span> <span class='ocrx_word' id='word_1_158' title='bbox 1304 2349 1450 2412; x_wconf 90' lang='lat' dir='ltr'>hinc</span> <span class='ocrx_word' id='word_1_159' title='bbox 1513 2349 1839 2430; x_wconf 88' lang='lat' dir='ltr'>promouit</span> <span class='ocrx_word' id='word_1_160' title='bbox 1890 2348 2264 2412; x_wconf 89' lang='lat' dir='ltr'>Heracleam</span> <span class='ocrx_word' id='word_1_161' title='bbox 2322 2352 2386 2412; x_wconf 85' lang='lat' dir='ltr'>et</span> <span class='ocrx_word' id='word_1_162' title='bbox 2439 2349 2573 2414; x_wconf 92' lang='lat' dir='ltr'>illic</span> 
     </span>
     <span class='ocr_line' id='line_1_19' title="bbox 271 2454 2661 2538; baseline -0 -19"><span class='ocrx_word' id='word_1_163' title='bbox 271 2457 489 2521; x_wconf 91' lang='lat' dir='ltr'>eadem</span> <span class='ocrx_word' id='word_1_164' title='bbox 530 2457 771 2521; x_wconf 89' lang='lat' dir='ltr'>ratione</span> <span class='ocrx_word' id='word_1_165' title='bbox 811 2456 1107 2520; x_wconf 89' lang='lat' dir='ltr'>detentus</span> <span class='ocrx_word' id='word_1_166' title='bbox 1147 2455 1394 2538; x_wconf 89' lang='lat' dir='ltr'>aliquot</span> <span class='ocrx_word' id='word_1_167' title='bbox 1432 2454 1676 2519; x_wconf 88' lang='lat' dir='ltr'>dierum</span> <span class='ocrx_word' id='word_1_168' title='bbox 1713 2458 1969 2537; x_wconf 89' lang='lat' dir='ltr'>tempus</span> <span class='ocrx_word' id='word_1_169' title='bbox 2008 2455 2243 2518; x_wconf 90' lang='lat' dir='ltr'>amisit.</span> <span class='ocrx_word' id='word_1_170' title='bbox 2337 2458 2402 2519; x_wconf 86' lang='lat' dir='ltr'>et</span> <span class='ocrx_word' id='word_1_171' title='bbox 2447 2456 2573 2520; x_wconf 88' lang='lat' dir='ltr'>iam</span> <span class='ocrx_word' id='word_1_172' title='bbox 2628 2466 2661 2518; x_wconf 87' lang='grc'>6</span> 
     </span>
     <span class='ocr_line' id='line_1_20' title="bbox 269 2562 2571 2645; baseline -0 -18"><span class='ocrx_word' id='word_1_173' title='bbox 269 2565 556 2629; x_wconf 89' lang='lat' dir='ltr'>Licinius</span> <span class='ocrx_word' id='word_1_174' title='bbox 612 2563 914 2628; x_wconf 90' lang='lat' dir='ltr'>festinato</span> <span class='ocrx_word' id='word_1_175' title='bbox 969 2563 1197 2627; x_wconf 87' lang='lat' dir='ltr'>itinere</span> <span class='ocrx_word' id='word_1_176' title='bbox 1255 2582 1399 2626; x_wconf 90' lang='lat' dir='ltr'>cnm</span> <span class='ocrx_word' id='word_1_177' title='bbox 1454 2562 1675 2645; x_wconf 86' lang='lat' dir='ltr'>paucis</span> <span class='ocrx_word' id='word_1_178' title='bbox 1723 2562 2244 2645; x_wconf 86' lang='lat' dir='ltr'>Hadrianopolim</span> <span class='ocrx_word' id='word_1_179' title='bbox 2291 2566 2571 2639; x_wconf 84' lang='lat' dir='ltr'>uenerat,</span> 
     </span>
    </p>

    <p class='ocr_par' dir='ltr' id='par_1_6' title="bbox 188 2669 2575 2960">
     <span class='ocr_line' id='line_1_21' title="bbox 188 2669 2572 2776; baseline -0.003 -37"><span class='ocrx_word' id='word_1_180' title='bbox 188 2700 234 2739; x_wconf 79' lang='lat'>20</span> <span class='ocrx_word' id='word_1_181' title='bbox 271 2690 412 2735; x_wconf 89' lang='lat' dir='ltr'>cum</span> <span class='ocrx_word' id='word_1_182' title='bbox 469 2671 583 2735; x_wconf 93' lang='lat' dir='ltr'>ille</span> <span class='ocrx_word' id='word_1_183' title='bbox 641 2673 898 2776; x_wconf 75' lang='lat' dir='ltr'>accepta</span> <span class='ocrx_word' id='word_1_184' title='bbox 943 2670 1006 2733; x_wconf 93' lang='lat' dir='ltr'>in</span> <span class='ocrx_word' id='word_1_185' title='bbox 1054 2669 1442 2734; x_wconf 89' lang='lat' dir='ltr'>deditionem</span> <span class='ocrx_word' id='word_1_186' title='bbox 1487 2669 1791 2732; x_wconf 90' lang='lat' dir='ltr'>Perintho</span> <span class='ocrx_word' id='word_1_187' title='bbox 1841 2669 2234 2751; x_wconf 88' lang='lat' dir='ltr'>aliquantum</span> <span class='ocrx_word' id='word_1_188' title='bbox 2291 2672 2572 2732; x_wconf 90' lang='lat' dir='ltr'>moratus</span> 
     </span>
     <span class='ocr_line' id='line_1_22' title="bbox 267 2775 2575 2860; baseline -0.001 -20"><span class='ocrx_word' id='word_1_189' title='bbox 267 2777 585 2860; x_wconf 87' lang='lat' dir='ltr'>processit</span> <span class='ocrx_word' id='word_1_190' title='bbox 624 2777 701 2841; x_wconf 91' lang='lat' dir='ltr'>ad</span> <span class='ocrx_word' id='word_1_191' title='bbox 739 2777 1127 2843; x_wconf 88' lang='lat' dir='ltr'>mansionem</span> <span class='ocrx_word' id='word_1_192' title='bbox 1167 2777 1345 2840; x_wconf 91' lang='lat' dir='ltr'>milia</span> <span class='ocrx_word' id='word_1_193' title='bbox 1386 2776 1605 2840; x_wconf 88' lang='lat' dir='ltr'>decem</span> <span class='ocrx_word' id='word_1_194' title='bbox 1647 2782 1710 2840; x_wconf 90' lang='lat' dir='ltr'>et</span> <span class='ocrx_word' id='word_1_195' title='bbox 1749 2782 1922 2840; x_wconf 86' lang='lat' dir='ltr'>octo:</span> <span class='ocrx_word' id='word_1_196' title='bbox 1972 2795 2084 2840; x_wconf 90' lang='lat' dir='ltr'>nec</span> <span class='ocrx_word' id='word_1_197' title='bbox 2125 2775 2290 2839; x_wconf 90' lang='lat' dir='ltr'>enim</span> <span class='ocrx_word' id='word_1_198' title='bbox 2325 2778 2575 2856; x_wconf 87' lang='lat' dir='ltr'>poterat</span> 
     </span>
     <span class='ocr_line' id='line_1_23' title="bbox 267 2881 2572 2960; baseline -0.001 -14"><span class='ocrx_word' id='word_1_199' title='bbox 267 2883 563 2960; x_wconf 89' lang='lat' dir='ltr'>ulterius,</span> <span class='ocrx_word' id='word_1_200' title='bbox 613 2882 852 2947; x_wconf 91' lang='lat' dir='ltr'>Licinio</span> <span class='ocrx_word' id='word_1_201' title='bbox 908 2884 1036 2947; x_wconf 91' lang='lat' dir='ltr'>iam</span> <span class='ocrx_word' id='word_1_202' title='bbox 1095 2882 1436 2947; x_wconf 87' lang='lat' dir='ltr'>secundam</span> <span class='ocrx_word' id='word_1_203' title='bbox 1493 2883 1884 2946; x_wconf 89' lang='lat' dir='ltr'>mansionem</span> <span class='ocrx_word' id='word_1_204' title='bbox 1930 2885 2182 2946; x_wconf 89' lang='lat' dir='ltr'>tenente</span> <span class='ocrx_word' id='word_1_205' title='bbox 2231 2881 2572 2946; x_wconf 88' lang='lat' dir='ltr'>distantem</span> 
     </span>
    </p>
   </div>
   <div class='ocr_carea' id='block_1_3' title="bbox 259 3105 2574 3265">
    <p class='ocr_par' dir='ltr' id='par_1_7' title="bbox 259 3105 2574 3265">
     <span class='ocr_line' id='line_1_24' title="bbox 341 3105 2574 3178; baseline -0.001 -17"><span class='ocrx_word' id='word_1_206' title='bbox 341 3109 366 3161; x_wconf 95' lang='lat'>1</span> <span class='ocrx_word' id='word_1_207' title='bbox 410 3108 676 3178; x_wconf 79' lang='lat' dir='ltr'>copositis</span> <span class='ocrx_word' id='word_1_208' title='bbox 712 3109 757 3161; x_wconf 86' lang='lat' dir='ltr'><em>C</em></span> <span class='ocrx_word' id='word_1_209' title='bbox 861 3108 893 3160; x_wconf 88' lang='grc'>2</span> <span class='ocrx_word' id='word_1_210' title='bbox 934 3109 1201 3162; x_wconf 84' lang='lat' dir='ltr'>concessit</span> <span class='ocrx_word' id='word_1_211' title='bbox 1236 3108 1416 3162; x_wconf 85' lang='lat' dir='ltr'>Halm</span> <span class='ocrx_word' id='word_1_212' title='bbox 1450 3126 1504 3176; x_wconf 84' lang='lat' dir='ltr'>p.</span> <span class='ocrx_word' id='word_1_213' title='bbox 1545 3111 1675 3174; x_wconf 82' lang='lat'><em>167,</em></span> <span class='ocrx_word' id='word_1_214' title='bbox 1715 3106 1979 3161; x_wconf 79' lang='lat' dir='ltr'>coilllllisit</span> <span class='ocrx_word' id='word_1_215' title='bbox 2018 3107 2139 3173; x_wconf 81' lang='lat' dir='ltr'>(sed</span> <span class='ocrx_word' id='word_1_216' title='bbox 2176 3107 2393 3160; x_wconf 80' lang='lat' dir='ltr'>litterae</span> <span class='ocrx_word' id='word_1_217' title='bbox 2430 3105 2455 3158; x_wconf 79' lang='lat' dir='ltr'>s</span> <span class='ocrx_word' id='word_1_218' title='bbox 2485 3106 2574 3159; x_wconf 79' lang='lat' dir='ltr'>in-</span> 
     </span>
     <span class='ocr_line' id='line_1_25' title="bbox 259 3195 2573 3265; baseline -0 -15"><span class='ocrx_word' id='word_1_219' title='bbox 259 3197 441 3265; x_wconf 81' lang='lat' dir='ltr'>ferior</span> <span class='ocrx_word' id='word_1_220' title='bbox 488 3202 711 3250; x_wconf 80' lang='lat' dir='ltr'>tantum</span> <span class='ocrx_word' id='word_1_221' title='bbox 748 3197 1039 3264; x_wconf 77' lang='lat' dir='ltr'>particula</span> <span class='ocrx_word' id='word_1_222' title='bbox 1085 3201 1354 3265; x_wconf 78' lang='lat' dir='ltr'>superest)</span> <span class='ocrx_word' id='word_1_223' title='bbox 1401 3196 1461 3263; x_wconf 82' lang='lat'>0,</span> <span class='ocrx_word' id='word_1_224' title='bbox 1502 3196 1799 3264; x_wconf 74' lang='lat' dir='ltr'>particula</span> <span class='ocrx_word' id='word_1_225' title='bbox 1834 3195 2010 3263; x_wconf 79' lang='lat' dir='ltr'>primi</span> <span class='ocrx_word' id='word_1_226' title='bbox 2057 3210 2250 3248; x_wconf 82' lang='lat' dir='ltr'>uersus</span> <span class='ocrx_word' id='word_1_227' title='bbox 2282 3196 2415 3261; x_wconf 80' lang='lat' dir='ltr'>folii</span> <span class='ocrx_word' id='word_1_228' title='bbox 2449 3199 2522 3249; x_wconf 90' lang='lat'>13</span> <span class='ocrx_word' id='word_1_229' title='bbox 2543 3197 2573 3248; x_wconf 79' lang='lat' dir='ltr'>b</span> 
     </span>
    </p>
   </div>
   <div class='ocr_carea' id='block_1_4' title="bbox 267 3283 2575 3388">
    <p class='ocr_par' dir='ltr' id='par_1_8' title="bbox 267 3283 2575 3388">
     <span class='ocr_line' id='line_1_26' title="bbox 267 3283 2575 3388; baseline 0.001 -51"><span class='ocrx_word' id='word_1_230' title='bbox 267 3286 514 3353; x_wconf 77' lang='lat' dir='ltr'>spatium</span> <span class='ocrx_word' id='word_1_231' title='bbox 568 3289 603 3338; x_wconf 87' lang='lat'>6</span> <span class='ocrx_word' id='word_1_232' title='bbox 650 3285 942 3338; x_wconf 83' lang='lat' dir='ltr'>hastarum</span> <span class='ocrx_word' id='word_1_233' title='bbox 988 3286 1272 3339; x_wconf 82' lang='lat' dir='ltr'>continens</span> <span class='ocrx_word' id='word_1_234' title='bbox 1318 3302 1440 3340; x_wconf 82' lang='lat' dir='ltr'>cum</span> <span class='ocrx_word' id='word_1_235' title='bbox 1477 3291 1646 3354; x_wconf 76' lang='lat' dir='ltr'>parte</span> <span class='ocrx_word' id='word_1_236' title='bbox 1690 3284 1959 3353; x_wconf 57' lang='lat' dir='ltr'>&#39;maryinis</span> <span class='ocrx_word' id='word_1_237' title='bbox 1993 3299 2182 3388; x_wconf 62' lang='lat' dir='ltr'>super¹3</span> <span class='ocrx_word' id='word_1_238' title='bbox 2215 3283 2461 3339; x_wconf 81' lang='lat' dir='ltr'>abscissa</span> <span class='ocrx_word' id='word_1_239' title='bbox 2499 3291 2575 3339; x_wconf 82' lang='lat' dir='ltr'>est</span> 
     </span>
    </p>
   </div>
   <div class='ocr_carea' id='block_1_5' title="bbox 269 3366 2578 4442">
    <p class='ocr_par' dir='ltr' id='par_1_9' title="bbox 269 3366 2578 4442">
     <span class='ocr_line' id='line_1_27' title="bbox 272 3366 2571 3470; baseline -0 -15"><span class='ocrx_word' id='word_1_240' title='bbox 272 3403 366 3469; x_wconf 86' lang='lat' dir='ltr'>(cf.</span> <span class='ocrx_word' id='word_1_241' title='bbox 387 3402 469 3455; x_wconf 85' lang='lat' dir='ltr'>ad</span> <span class='ocrx_word' id='word_1_242' title='bbox 485 3418 549 3470; x_wconf 77' lang='lat' dir='ltr'>p.</span> <span class='ocrx_word' id='word_1_243' title='bbox 577 3404 712 3464; x_wconf 88' lang='grc'><strong><em>222,</em></strong></span> <span class='ocrx_word' id='word_1_244' title='bbox 740 3403 845 3465; x_wconf 86' lang='grc'><strong><em>20)</em></strong></span> <span class='ocrx_word' id='word_1_245' title='bbox 857 3420 876 3467; x_wconf 89' lang='lat'><em>;</em></span> <span class='ocrx_word' id='word_1_246' title='bbox 903 3400 1185 3454; x_wconf 86' lang='lat' dir='ltr'>contendit</span> <span class='ocrx_word' id='word_1_247' title='bbox 1204 3401 1323 3454; x_wconf 87' lang='lat' dir='ltr'>Bal</span> <span class='ocrx_word' id='word_1_248' title='bbox 1432 3403 1463 3455; x_wconf 87' lang='lat'><strong>3</strong></span> <span class='ocrx_word' id='word_1_249' title='bbox 1495 3400 1793 3454; x_wconf 81' lang='lat' dir='ltr'>sollenibus</span> <span class='ocrx_word' id='word_1_250' title='bbox 1829 3401 1876 3454; x_wconf 82' lang='lat' dir='ltr'><em>C</em></span> <span class='ocrx_word' id='word_1_251' title='bbox 1980 3403 2016 3453; x_wconf 89' lang='lat'>4</span> <span class='ocrx_word' id='word_1_252' title='bbox 2045 3366 2167 3468; x_wconf 51' lang='lat' dir='ltr'>qua:</span> <span class='ocrx_word' id='word_1_253' title='bbox 2189 3400 2421 3454; x_wconf 85' lang='lat' dir='ltr'>maxime</span> <span class='ocrx_word' id='word_1_254' title='bbox 2445 3405 2513 3468; x_wconf 79' lang='lat' dir='ltr'>(s,</span> <span class='ocrx_word' id='word_1_255' title='bbox 2536 3401 2571 3454; x_wconf 86' lang='lat' dir='ltr'>l.</span> 
     </span>
     <span class='ocr_line' id='line_1_28' title="bbox 269 3488 2576 3559; baseline 0 -17"><span class='ocrx_word' id='word_1_256' title='bbox 269 3507 333 3545; x_wconf 87' lang='lat' dir='ltr'>m.</span> <span class='ocrx_word' id='word_1_257' title='bbox 364 3494 419 3556; x_wconf 87' lang='lat'>1)</span> <span class='ocrx_word' id='word_1_258' title='bbox 455 3491 518 3553; x_wconf 77' lang='lat'>0,</span> <span class='ocrx_word' id='word_1_259' title='bbox 561 3507 722 3559; x_wconf 91' lang='lat' dir='ltr'>quam</span> <span class='ocrx_word' id='word_1_260' title='bbox 760 3490 861 3543; x_wconf 84' lang='lat' dir='ltr'>del.</span> <span class='ocrx_word' id='word_1_261' title='bbox 890 3489 1197 3542; x_wconf 78' lang='lat' dir='ltr'>Heumann</span> <span class='ocrx_word' id='word_1_262' title='bbox 1342 3492 1373 3542; x_wconf 86' lang='lat'>5</span> <span class='ocrx_word' id='word_1_263' title='bbox 1416 3489 1649 3542; x_wconf 87' lang='lat' dir='ltr'>accurrit</span> <span class='ocrx_word' id='word_1_264' title='bbox 1692 3488 1986 3551; x_wconf 80' lang='lat' dir='ltr'>Graeuius,</span> <span class='ocrx_word' id='word_1_265' title='bbox 2026 3490 2293 3557; x_wconf 87' lang='lat' dir='ltr'>procurrit</span> <span class='ocrx_word' id='word_1_266' title='bbox 2329 3490 2576 3556; x_wconf 81' lang='lat' dir='ltr'>Tollius;</span> 
     </span>
     <span class='ocr_line' id='line_1_29' title="bbox 272 3576 2578 3647; baseline 0 -16"><span class='ocrx_word' id='word_1_267' title='bbox 272 3580 505 3633; x_wconf 87' lang='lat' dir='ltr'>cucurrit</span> <span class='ocrx_word' id='word_1_268' title='bbox 545 3579 851 3632; x_wconf 77' lang='lat' dir='ltr'>Heumann</span> <span class='ocrx_word' id='word_1_269' title='bbox 960 3578 992 3631; x_wconf 78' lang='lat'>8</span> <span class='ocrx_word' id='word_1_270' title='bbox 1032 3578 1232 3647; x_wconf 88' lang='lat' dir='ltr'>stragis</span> <span class='ocrx_word' id='word_1_271' title='bbox 1273 3580 1352 3644; x_wconf 85' lang='lat' dir='ltr'>(st</span> <span class='ocrx_word' id='word_1_272' title='bbox 1388 3579 1451 3630; x_wconf 81' lang='lat' dir='ltr'>in</span> <span class='ocrx_word' id='word_1_273' title='bbox 1487 3583 1628 3644; x_wconf 76' lang='lat' dir='ltr'>ras.)</span> <span class='ocrx_word' id='word_1_274' title='bbox 1674 3579 1731 3639; x_wconf 78' lang='lat' dir='ltr'>C,</span> <span class='ocrx_word' id='word_1_275' title='bbox 1772 3593 1909 3631; x_wconf 86' lang='lat' dir='ltr'>corr.</span> <span class='ocrx_word' id='word_1_276' title='bbox 1950 3576 2068 3630; x_wconf 88' lang='lat' dir='ltr'>Bal</span> <span class='ocrx_word' id='word_1_277' title='bbox 2181 3580 2245 3632; x_wconf 90' lang='lat'>10</span> <span class='ocrx_word' id='word_1_278' title='bbox 2282 3578 2489 3631; x_wconf 85' lang='lat' dir='ltr'>bizanti</span> <span class='ocrx_word' id='word_1_279' title='bbox 2532 3579 2578 3632; x_wconf 80' lang='lat' dir='ltr'><em>C</em></span> 
     </span>
     <span class='ocr_line' id='line_1_30' title="bbox 274 3665 2578 3730; baseline 0 -11"><span class='ocrx_word' id='word_1_280' title='bbox 274 3668 336 3719; x_wconf 83' lang='lat'>12</span> <span class='ocrx_word' id='word_1_281' title='bbox 376 3684 536 3721; x_wconf 85' lang='lat' dir='ltr'>casus</span> <span class='ocrx_word' id='word_1_282' title='bbox 577 3685 608 3720; x_wconf 91' lang='lat' dir='ltr'>a</span> <span class='ocrx_word' id='word_1_283' title='bbox 645 3668 781 3728; x_wconf 83' lang='lat' dir='ltr'>Bal,</span> <span class='ocrx_word' id='word_1_284' title='bbox 821 3683 981 3719; x_wconf 87' lang='lat' dir='ltr'>causa</span> <span class='ocrx_word' id='word_1_285' title='bbox 1024 3667 1070 3721; x_wconf 81' lang='lat' dir='ltr'><em>C</em></span> <span class='ocrx_word' id='word_1_286' title='bbox 1224 3667 1289 3720; x_wconf 87' lang='lat'>13</span> <span class='ocrx_word' id='word_1_287' title='bbox 1327 3667 1498 3720; x_wconf 83' lang='lat' dir='ltr'>ilicire</span> <span class='ocrx_word' id='word_1_288' title='bbox 1542 3667 1601 3730; x_wconf 57' lang='grc' dir='ltr'>(ἵ,</span> <span class='ocrx_word' id='word_1_289' title='bbox 1642 3682 1779 3721; x_wconf 81' lang='lat' dir='ltr'>corr.</span> <span class='ocrx_word' id='word_1_290' title='bbox 1819 3665 1936 3717; x_wconf 84' lang='lat' dir='ltr'>Bal</span> <span class='ocrx_word' id='word_1_291' title='bbox 2116 3682 2214 3719; x_wconf 90' lang='lat' dir='ltr'>nec</span> <span class='ocrx_word' id='word_1_292' title='bbox 2252 3666 2382 3729; x_wconf 88' lang='lat' dir='ltr'>Bal,</span> <span class='ocrx_word' id='word_1_293' title='bbox 2421 3683 2488 3719; x_wconf 90' lang='lat' dir='ltr'>ne</span> <span class='ocrx_word' id='word_1_294' title='bbox 2532 3666 2578 3719; x_wconf 83' lang='lat'><em>0</em></span> 
     </span>
     <span class='ocr_line' id='line_1_31' title="bbox 275 3754 2575 3826; baseline 0 -19"><span class='ocrx_word' id='word_1_295' title='bbox 275 3756 341 3808; x_wconf 85' lang='lat'>14</span> <span class='ocrx_word' id='word_1_296' title='bbox 377 3758 471 3826; x_wconf 86' lang='lat' dir='ltr'>qui</span> <span class='ocrx_word' id='word_1_297' title='bbox 513 3773 676 3825; x_wconf 89' lang='lat' dir='ltr'>quam</span> <span class='ocrx_word' id='word_1_298' title='bbox 723 3757 781 3817; x_wconf 86' lang='lat' dir='ltr'>C,</span> <span class='ocrx_word' id='word_1_299' title='bbox 822 3771 959 3809; x_wconf 84' lang='lat' dir='ltr'>corr.</span> <span class='ocrx_word' id='word_1_300' title='bbox 999 3755 1117 3808; x_wconf 84' lang='lat' dir='ltr'>Bal</span> <span class='ocrx_word' id='word_1_301' title='bbox 1284 3759 1442 3813; x_wconf 87' lang='lat' dir='ltr'>&lt;aut&gt;</span> <span class='ocrx_word' id='word_1_302' title='bbox 1468 3757 1551 3809; x_wconf 88' lang='lat' dir='ltr'>uis</span> <span class='ocrx_word' id='word_1_303' title='bbox 1597 3755 1890 3808; x_wconf 74' lang='lat' dir='ltr'>Columbus</span> <span class='ocrx_word' id='word_1_304' title='bbox 2031 3755 2096 3809; x_wconf 88' lang='lat'>16</span> <span class='ocrx_word' id='word_1_305' title='bbox 2135 3754 2261 3824; x_wconf 79' lang='lat' dir='ltr'>fide]</span> <span class='ocrx_word' id='word_1_306' title='bbox 2301 3764 2397 3808; x_wconf 87' lang='lat' dir='ltr'>‘an</span> <span class='ocrx_word' id='word_1_307' title='bbox 2422 3755 2575 3822; x_wconf 87' lang='lat' dir='ltr'>forte</span> 
     </span>
     <span class='ocr_line' id='line_1_32' title="bbox 272 3842 2572 3913; baseline 0 -18"><span class='ocrx_word' id='word_1_308' title='bbox 272 3847 462 3911; x_wconf 88' lang='lat' dir='ltr'>sponte</span> <span class='ocrx_word' id='word_1_309' title='bbox 477 3844 526 3898; x_wconf 76' lang='lat'>,9&#39;</span> <span class='ocrx_word' id='word_1_310' title='bbox 560 3843 864 3898; x_wconf 79' lang='lat' dir='ltr'>Heumann</span> <span class='ocrx_word' id='word_1_311' title='bbox 978 3845 1039 3896; x_wconf 86' lang='lat'>17</span> <span class='ocrx_word' id='word_1_312' title='bbox 1081 3842 1257 3896; x_wconf 88' lang='lat' dir='ltr'>deffisi</span> <span class='ocrx_word' id='word_1_313' title='bbox 1291 3843 1337 3896; x_wconf 83' lang='lat'><em>0</em></span> <span class='ocrx_word' id='word_1_314' title='bbox 1477 3844 1584 3913; x_wconf 88' lang='lat' dir='ltr'>ipsi</span> <span class='ocrx_word' id='word_1_315' title='bbox 1615 3851 1768 3897; x_wconf 81' lang='lat' dir='ltr'>‘casu</span> <span class='ocrx_word' id='word_1_316' title='bbox 1797 3843 2013 3896; x_wconf 79' lang='lat' dir='ltr'>datiuo&#39;</span> <span class='ocrx_word' id='word_1_317' title='bbox 2042 3842 2347 3896; x_wconf 87' lang='lat' dir='ltr'>Heumann</span> <span class='ocrx_word' id='word_1_318' title='bbox 2481 3843 2572 3896; x_wconf 91' lang='lat' dir='ltr'>de-</span> 
     </span>
     <span class='ocr_line' id='line_1_33' title="bbox 273 3931 2575 4000; baseline 0 -15"><span class='ocrx_word' id='word_1_319' title='bbox 273 3932 528 3986; x_wconf 88' lang='lat' dir='ltr'>diderunt</span> <span class='ocrx_word' id='word_1_320' title='bbox 566 3932 701 3993; x_wconf 82' lang='lat' dir='ltr'>Bal,</span> <span class='ocrx_word' id='word_1_321' title='bbox 741 3933 867 3985; x_wconf 80' lang='lat' dir='ltr'>item</span> <span class='ocrx_word' id='word_1_322' title='bbox 903 3932 1191 3986; x_wconf 78' lang='lat' dir='ltr'>Bentleius</span> <span class='ocrx_word' id='word_1_323' title='bbox 1373 3933 1570 3986; x_wconf 75' lang='lat' dir='ltr'>eraclia</span> <span class='ocrx_word' id='word_1_324' title='bbox 1614 3933 1659 3984; x_wconf 50' lang='grc' dir='ltr'>(Υ</span> <span class='ocrx_word' id='word_1_325' title='bbox 1805 3932 1868 3985; x_wconf 81' lang='grc'>18</span> <span class='ocrx_word' id='word_1_326' title='bbox 1919 3931 2142 4000; x_wconf 84' lang='lat' dir='ltr'>aliquod</span> <span class='ocrx_word' id='word_1_327' title='bbox 2184 3933 2243 3997; x_wconf 81' lang='lat' dir='ltr'>C,</span> <span class='ocrx_word' id='word_1_328' title='bbox 2282 3948 2418 3988; x_wconf 71' lang='lat' dir='ltr'>cor-r.</span> <span class='ocrx_word' id='word_1_329' title='bbox 2457 3931 2575 3985; x_wconf 83' lang='lat' dir='ltr'>Bal</span> 
     </span>
     <span class='ocr_line' id='line_1_34' title="bbox 276 4020 2572 4090; baseline 0.002 -17"><span class='ocrx_word' id='word_1_330' title='bbox 276 4020 338 4073; x_wconf 84' lang='lat'>19</span> <span class='ocrx_word' id='word_1_331' title='bbox 377 4021 720 4090; x_wconf 86' lang='lat' dir='ltr'>adrianopoli</span> <span class='ocrx_word' id='word_1_332' title='bbox 765 4022 823 4085; x_wconf 80' lang='lat' dir='ltr'>C,</span> <span class='ocrx_word' id='word_1_333' title='bbox 865 4037 1002 4075; x_wconf 72' lang='lat' dir='ltr'>corr.</span> <span class='ocrx_word' id='word_1_334' title='bbox 1042 4020 1160 4073; x_wconf 83' lang='lat' dir='ltr'>Bal</span> <span class='ocrx_word' id='word_1_335' title='bbox 1341 4022 1409 4075; x_wconf 82' lang='lat'>20</span> <span class='ocrx_word' id='word_1_336' title='bbox 1459 4021 1789 4074; x_wconf 85' lang='lat' dir='ltr'>deditionem</span> <span class='ocrx_word' id='word_1_337' title='bbox 1837 4020 2070 4086; x_wconf 83' lang='lat' dir='ltr'>Tollius,</span> <span class='ocrx_word' id='word_1_338' title='bbox 2109 4022 2234 4073; x_wconf 81' lang='lat' dir='ltr'>item</span> <span class='ocrx_word' id='word_1_339' title='bbox 2276 4021 2572 4078; x_wconf 69' lang='lat' dir='ltr'>BentleiuS.</span> 
     </span>
     <span class='ocr_line' id='line_1_35' title="bbox 275 4104 2569 4179; baseline 0 -18"><span class='ocrx_word' id='word_1_340' title='bbox 275 4106 555 4162; x_wconf 88' lang='lat' dir='ltr'>dedicione</span> <span class='ocrx_word' id='word_1_341' title='bbox 601 4109 665 4174; x_wconf 83' lang='grc'>0,·</span> <span class='ocrx_word' id='word_1_342' title='bbox 718 4110 786 4175; x_wconf 77' lang='lat' dir='ltr'>cf.</span> <span class='ocrx_word' id='word_1_343' title='bbox 826 4104 1044 4179; x_wconf 73' lang='lat' dir='ltr'>P&#39;roley.</span> <span class='ocrx_word' id='word_1_344' title='bbox 1086 4109 1218 4162; x_wconf 80' lang='lat' dir='ltr'>adn.</span> <span class='ocrx_word' id='word_1_345' title='bbox 1265 4114 1300 4162; x_wconf 85' lang='lat'><strong><em>6</em></strong></span> <span class='ocrx_word' id='word_1_346' title='bbox 1478 4110 1741 4179; x_wconf 89' lang='lat' dir='ltr'>perentho</span> <span class='ocrx_word' id='word_1_347' title='bbox 1787 4110 1833 4163; x_wconf 80' lang='lat' dir='ltr'><strong><em>C</em></strong></span> <span class='ocrx_word' id='word_1_348' title='bbox 2011 4109 2347 4178; x_wconf 87' lang='lat' dir='ltr'>aliquantum</span> <span class='ocrx_word' id='word_1_349' title='bbox 2399 4109 2569 4163; x_wconf 82' lang='lat' dir='ltr'>Halm</span> 
     </span>
     <span class='ocr_line' id='line_1_36' title="bbox 276 4197 2573 4268; baseline 0 -18"><span class='ocrx_word' id='word_1_350' title='bbox 276 4198 368 4264; x_wconf 80' lang='lat' dir='ltr'>(cf.</span> <span class='ocrx_word' id='word_1_351' title='bbox 407 4214 450 4252; x_wconf 85' lang='lat' dir='ltr'>c.</span> <span class='ocrx_word' id='word_1_352' title='bbox 494 4201 591 4262; x_wconf 90' lang='grc'>29,</span> <span class='ocrx_word' id='word_1_353' title='bbox 633 4202 707 4265; x_wconf 83' lang='grc'>1),</span> <span class='ocrx_word' id='word_1_354' title='bbox 748 4199 1024 4267; x_wconf 87' lang='lat' dir='ltr'>aliquanto</span> <span class='ocrx_word' id='word_1_355' title='bbox 1068 4199 1114 4251; x_wconf 80' lang='lat' dir='ltr'><em>C</em></span> <span class='ocrx_word' id='word_1_356' title='bbox 1218 4199 1283 4251; x_wconf 82' lang='lat'>21</span> <span class='ocrx_word' id='word_1_357' title='bbox 1325 4199 1587 4268; x_wconf 87' lang='lat' dir='ltr'>processit</span> <span class='ocrx_word' id='word_1_358' title='bbox 1625 4200 1678 4266; x_wconf 92' lang='lat' dir='ltr'>(i</span> <span class='ocrx_word' id='word_1_359' title='bbox 1714 4199 1777 4251; x_wconf 80' lang='lat' dir='ltr'>in</span> <span class='ocrx_word' id='word_1_360' title='bbox 1815 4213 1887 4250; x_wconf 88' lang='lat' dir='ltr'>er.</span> <span class='ocrx_word' id='word_1_361' title='bbox 1929 4200 1981 4264; x_wconf 88' lang='lat' dir='ltr'>e)</span> <span class='ocrx_word' id='word_1_362' title='bbox 2026 4198 2073 4251; x_wconf 83' lang='lat' dir='ltr'><em>C</em></span> <span class='ocrx_word' id='word_1_363' title='bbox 2179 4198 2247 4250; x_wconf 87' lang='grc'>22</span> <span class='ocrx_word' id='word_1_364' title='bbox 2286 4197 2573 4251; x_wconf 88' lang='lat' dir='ltr'>secundam</span> 
     </span>
     <span class='ocr_line' id='line_1_37' title="bbox 277 4285 2574 4355; baseline -0 -16"><span class='ocrx_word' id='word_1_365' title='bbox 277 4287 564 4341; x_wconf 87' lang='lat' dir='ltr'>—milibus</span> <span class='ocrx_word' id='word_1_366' title='bbox 611 4288 733 4341; x_wconf 90' lang='lat' dir='ltr'>Bal</span> <span class='ocrx_word' id='word_1_367' title='bbox 780 4288 868 4355; x_wconf 79' lang='lat' dir='ltr'>(in</span> <span class='ocrx_word' id='word_1_368' title='bbox 912 4288 1186 4353; x_wconf 80' lang='lat' dir='ltr'>Erratis),</span> <span class='ocrx_word' id='word_1_369' title='bbox 1233 4288 1361 4340; x_wconf 79' lang='lat' dir='ltr'>item</span> <span class='ocrx_word' id='word_1_370' title='bbox 1406 4287 1709 4350; x_wconf 76' lang='lat' dir='ltr'>Bentleius,</span> <span class='ocrx_word' id='word_1_371' title='bbox 1759 4285 1996 4340; x_wconf 89' lang='lat' dir='ltr'>secunda</span> <span class='ocrx_word' id='word_1_372' title='bbox 2041 4287 2316 4340; x_wconf 87' lang='lat' dir='ltr'>mansione</span> <span class='ocrx_word' id='word_1_373' title='bbox 2352 4290 2574 4340; x_wconf 85' lang='lat' dir='ltr'>tenente</span> 
     </span>
     <span class='ocr_line' id='line_1_38' title="bbox 276 4372 1792 4442; baseline 0.001 -16"><span class='ocrx_word' id='word_1_374' title='bbox 276 4372 521 4429; x_wconf 86' lang='lat' dir='ltr'>destante</span> <span class='ocrx_word' id='word_1_375' title='bbox 558 4376 830 4429; x_wconf 90' lang='lat' dir='ltr'>militibus</span> <span class='ocrx_word' id='word_1_376' title='bbox 876 4376 947 4442; x_wconf 78' lang='lat' dir='ltr'>G,·</span> <span class='ocrx_word' id='word_1_377' title='bbox 986 4375 1220 4430; x_wconf 86' lang='lat' dir='ltr'>distante</span> <span class='ocrx_word' id='word_1_378' title='bbox 1258 4377 1453 4429; x_wconf 80' lang='lat' dir='ltr'>retinet</span> <span class='ocrx_word' id='word_1_379' title='bbox 1496 4375 1792 4429; x_wconf 80' lang='lat' dir='ltr'>Columbus</span> 
     </span>
    </p>
   </div>
  </div>
 </body>
</html>
