3132 5043
448 429 578 493 348

519 617 652 671 ibid.
692 616 816 681 206,
855 619 903 671 5.
946 616 1058 669 eius
1091 615 1231 668 filius
1261 613 1601 677 Seue1ianus‚

519 706 650 760 ibid.
691 708 813 768 235,
856 707 939 759 11.

449 796 786 865 sexagenarii
824 795 881 847 in
919 793 1159 847 Tiberim
1198 791 1395 844 deiecti
1423 790 1450 843 I
1479 790 1601 853 688,

524 885 610 937 20.

452 974 718 1042 Sibyllae:
751 972 815 1026 de
844 972 913 1025 iis
941 986 1228 1038 earumque
1256 969 1411 1022 libris
1433 969 1601 1021 Varro

523 1062 551 1115 Ι
600 1062 686 1125 20,
738 1061 931 1123 9-22,
984 1061 1066 1113 19.
1114 1060 1200 1120 23,
1252 1059 1333 1114 15.
1383 1058 1504 1119 336,
1553 1057 1602 1111 3.

523 1151 644 1213 679,
702 1150 967 1212 23-680,
1027 1149 1077 1202 9.
1133 1146 1190 1200 ΙΙ
1251 1148 1368 1209 124,
1438 1147 1487 1198 2.
1554 1148 1602 1198 5.

521 1238 833 1292 Fenestella
897 1237 925 1290 Ι
987 1238 1074 1298 23,
1141 1239 1189 1289 9.
1257 1236 1309 1289 ΙΙ
1378 1235 1495 1294 124,
1552 1234 1603 1288 2.

524 1327 710 1382 Cicero
751 1327 778 1380 l
815 1327 935 1388 336,
975 1326 1026 1378 3.
1064 1324 1400 1377 Aristonicus
1441 1322 1603 1387 (coni.

523 1417 705 1469 Aristo
760 1414 947 1485 Chius)
997 1414 1054 1467 ΙΙ
1107 1415 1226 1476 124,
1282 1414 1328 1466 1.
1381 1410 1604 1480 Apollo·

528 1506 691 1558 dorus
749 1504 1078 1573 Erythraeus
1136 1502 1185 1571 [1
1242 1503 1329 1565 21,
1389 1501 1492 1568 10].
1549 1499 1607 1552 II

529 1594 648 1654 124,
703 1594 751 1648 1.
800 1622 867 1631 -—
914 1591 942 1644 I
989 1591 1074 1654 22,
1127 1590 1353 1651 19-23,
1393 1590 1441 1642 9.
1482 1588 1605 1651 680,

528 1682 576 1734 9.
628 1680 683 1733 1Ι
737 1682 854 1743 123,
903 1680 990 1735 24.
1041 1680 1159 1742 125,
1206 1680 1257 1732 6.
1308 1678 1424 1741 159,
1467 1678 1492 1730 1
1534 1693 1604 1731 ss.

531 1802 599 1809 —
650 1769 974 1838 Sibyllarum
1022 1768 1086 1821 de
1140 1784 1244 1820 uno
1297 1767 1397 1819 deo
1449 1766 1605 1819 testi-

526 1858 711 1911 monia
756 1858 783 1910 1
831 1859 915 1920 23,
970 1857 1017 1909 7.
1060 1857 1142 1911 17.
1181 1857 1266 1917 24,
1309 1857 1356 1909 1.
1395 1858 1446 1909 5.
1484 1855 1606 1917 680,

533 1950 613 2001 11.
682 1946 807 2015 quia
870 1945 1104 1997 breuiari
1169 1961 1278 1996 non
1334 1945 1606 2012 poterant,

529 2035 909 2105 praetermissa
945 2034 972 2086 I
1010 2034 1131 2097 680,
1176 2034 1255 2087 16.
1299 2033 1364 2085 de
1394 2032 1608 2087 Christo

530 2142 713 2179 earum
777 2123 1093 2176 testimonia
1158 2122 1185 2175 I
1250 2124 1370 2184 336,
1441 2124 1486 2175 1.
1556 2124 1612 2173 et

531 2213 791 2266 uaticinia
828 2212 853 2264 I
889 2212 1010 2275 286,
1044 2213 1125 2265 14.
1159 2211 1398 2280 Sibyllae
1428 2214 1610 2263 osten-

533 2302 670 2355 dunt
717 2301 804 2354 dei
852 2301 1022 2354 filium
1060 2301 1283 2353 missum
1321 2299 1388 2352 iri
1426 2299 1452 2351 Ι
1490 2300 1609 2362 642,

534 2392 581 2445 3.
652 2390 889 2458 Sibyllae
958 2389 1284 2442 carminibus
1360 2388 1470 2440 suis
1546 2387 1611 2440 de

530 2478 802 2532 miraculis
845 2477 1048 2533 Christi
1084 2479 1109 2530 1
1149 2478 1269 2541 334,
1311 2478 1394 2531 14.
1423 2477 1612 2530 interi-

531 2574 706 2621 turam
774 2584 889 2620 esse
952 2568 1178 2620 Romam
1234 2567 1533 2634 loquuntur
1586 2566 1612 2618 I

533 2659 654 2721 634,
698 2659 780 2711 12.
821 2657 886 2709 (16
927 2657 1388 2710 consummatione
1425 2655 1614 2709 mundi

536 2745 890 2799 cecineruntI
921 2746 1040 2807 760,
1076 2747 1158 2798 19.
1191 2775 1257 2783 —
1289 2745 1614 2813 Sibyllarum

539 2835 778 2887 carmina
824 2833 852 2886 Ι
900 2835 985 2895 22,
1038 2834 1101 2886 19
1142 2850 1211 2885 SS.
1252 2851 1314 2886 ea
1351 2851 1456 2886 non
1497 2850 1614 2887 esse

537 2941 568 2976 a.
607 2922 931 2976 Christianis
969 2923 1096 2975 ficta
1132 2922 1160 2975 I
1200 2922 1322 2979 336.
1366 2924 1390 2975 1
1434 2940 1501 2977 ss,
1548 2923 1614 2975 de

534 3010 733 3063 mundo
787 3028 817 3063 a
872 3010 971 3063 deo
1010 3010 1156 3063 facto
1196 3010 1222 3062 1
1262 3012 1381 3074 607,
1427 3013 1505 3065 15.
1548 3012 1614 3064 (16

537 3099 722 3152 diuina
777 3098 1120 3168 prouidentia
1176 3099 1204 3152 Ι
1262 3100 1378 3163 138,
1437 3102 1485 3153 9.
1548 3101 1614 3153 (16

537 3189 786 3257 passione
828 3186 1029 3241 Christi
1067 3188 1092 3240 I
1126 3189 1247 3249 351,
1278 3190 1325 3245 9.
1359 3189 1424 3242 (16
1453 3191 1615 3242 mira-

538 3278 671 3331 culis
721 3277 924 3332 Christi
971 3277 998 3330 I
1046 3278 1164 3341 716,
1204 3279 1288 3331 28.
1330 3278 1395 3331 (16
1433 3278 1617 3331 futura

541 3367 684 3419 orbis
743 3366 1088 3419 deformitate
1140 3366 1168 3419 I
1223 3367 1343 3429 637,
1406 3369 1486 3421 12.
1549 3368 1616 3420 (16

543 3456 736 3509 ultimo
789 3454 991 3508 iudicio
1047 3454 1136 3508 dei
1182 3456 1210 3509 I
1266 3458 1385 3518 626,
1446 3458 1492 3511 7.
1551 3457 1616 3510 (16

540 3545 936 3597 inmortalitate
1003 3545 1210 3597 animae
1268 3545 1294 3597 Ι
1352 3546 1472 3608 755,
1534 3547 1615 3599 12.

536 3633 826 3702 Epicurum
881 3632 1140 3685 refellunt
1193 3633 1221 3686 I
1276 3634 1396 3693 707,
1447 3636 1497 3687 4.
1552 3634 1617 3687 (16

538 3722 916 3790 antiquissima
989 3721 1179 3777 Cerere
1254 3722 1520 3791 placanda
1593 3723 1621 3776 Ι

544 3811 660 3873 112,
717 3811 797 3863 19.
850 3810 1126 3878 [Sibyllini
1174 3810 1298 3863 libri
1344 3811 1372 3864 Ι
1407 3812 1492 3874 20,
1536 3813 1616 3865 12.

543 3899 650 3966 13.]
727 3915 789 3951 ex
861 3898 1015 3951 libris
1091 3899 1371 3968 Sibyllinis
1454 3900 1619 3953 Idaea

537 3991 711 4040 mater
765 3987 991 4040 Romam
1048 3989 1222 4041 accita
1273 3989 1301 4042 I
1362 3990 1479 4052 126,
1536 3991 1616 4043 13.

541 4076 710 4128 libros
751 4077 1047 4145 Sibyllinos
1084 4078 1388 4130 Maxentius
1426 4079 1620 4147 inspici

543 4165 697 4217 iubet
754 4182 1043 4233 eorumque
1095 4183 1408 4235 responsum
1459 4166 1515 4219 II
1564 4167 1621 4219 Μ

540 4254 665 4316 224,
716 4254 765 4305 8.
817 4253 1142 4321 Sibyllarum
1194 4255 1368 4308 libelli
1403 4256 1459 4308 II
1501 4257 1619 4319 125,

545 4342 627 4394 10.
682 4340 933 4410 Sibyllini
984 4359 1167 4395 uersus
1221 4342 1286 4397 de
1337 4343 1483 4397 Iouis
1537 4360 1620 4397 se-

1502 420 1741 474 Index
1847 424 1850 427 ’

1728 612 1913 681 pulcro
1972 612 1999 665 I
2045 614 2132 673 45,
2185 614 2231 665 7.
2294 614 2422 664 sunt
2476 610 2799 679 singularum

1732 700 1935 767 singuli
2008 701 2161 753 libri:
2239 716 2374 769 quos
2451 700 2581 769 quia
2654 701 2800 753 unius

1733 790 1972 859 Sibyllae
2002 790 2219 843 nomine
2247 789 2633 852 inscribuntur,
2656 791 2801 843 unius

1732 896 1847 934 esse
1925 878 2149 932 credunt
2223 877 2499 946 (Romani)
2575 882 2800 946 suntque

1732 967 2046 1023 confusi...
2121 967 2217 1021 sed
2290 972 2346 1021 et
2419 984 2517 1020 nos
2595 968 2802 1020 confuse

1733 1057 1990 1125 Sibyllam
2016 1056 2268 1119 dicemus,
2291 1055 2800 1109 sicubitestimoniis

1734 1163 1914 1199 earum
1962 1146 2128 1199 fuerit
2175 1145 2507 1199 abutendum
2553 1145 2582 1198 Ι
2630 1145 2710 1207 23,
2758 1147 2800 1199 1.

1734 1236 1781 1288 5.
1825 1234 2030 1303 Sibylla
2069 1234 2135 1287 de
2174 1234 2273 1288 deo
2311 1233 2340 1287 Ι
2376 1234 2463 1298 28,
2504 1235 2590 1287 14.
2631 1234 2693 1286 (16
2728 1235 2800 1286 ira

1734 1323 1822 1376 dei
1867 1323 1924 1376 H
1974 1324 2093 1385 125,
2138 1323 2218 1375 11.
2261 1323 2325 1376 de
2365 1322 2583 1377 Christo
2623 1322 2652 1375 Ι
2688 1323 2799 1385 291,

1733 1413 1782 1465 8.
1825 1413 1968 1477 (306,
2012 1412 2117 1477 11.)
2160 1412 2279 1474 712,
2319 1413 2405 1465 22.
2446 1412 2512 1464 (16
2541 1411 2800 1463 miraculis

1734 1499 1938 1555 Christi
1986 1500 2011 1553 Ι
2060 1502 2180 1563 322,
2231 1502 2280 1554 6.
2328 1500 2451 1563 331,
2498 1500 2548 1554 2.
2598 1500 2719 1560 332,
2756 1503 2798 1553 5.

1735 1590 1856 1651 333,
1905 1590 1955 1643 8.
2004 1587 2070 1641 (16
2107 1589 2230 1656 lege
2270 1588 2336 1640 ab
2379 1604 2440 1640 eo
2481 1587 2797 1641 soluendaI

1735 1679 1857 1740 344,
1899 1680 1948 1730 5.
1989 1677 2054 1730 de
2094 1677 2346 1746 passione
2386 1676 2590 1731 Christi
2626 1675 2653 1729 I
2685 1678 2796 1741 352,

1738 1768 1784 1820 1.
1824 1767 1945 1829 354,
1985 1767 2034 1819 5.
2076 1765 2141 1817 (16
2179 1765 2440 1834 prodigiis
2492 1764 2801 1818 caelestibus

1734 1856 1791 1908 in
1837 1858 2011 1908 morte
2060 1853 2265 1908 Christi
2309 1854 2469 1906 factis
2518 1853 2546 1906 1
2592 1855 2708 1916 361,
2757 1855 2799 1907 7.

1737 1943 1803 1996 (16
1840 1943 2231 1997 resurrectione
2272 1942 2474 1998 Christi
2511 1941 2538 1995 I
2576 1943 2694 2006 363,
2727 1942 2799 1995 10.

1738 2032 1947 2101 Sibylla
2003 2032 2215 2085 dicente
2273 2031 2628 2085 ‘matricidam
2689 2048 2799 2100 pro-

1736 2122 1924 2191 fugum
1975 2139 2006 2175 a
2053 2122 2251 2174 finibus
2298 2125 2472 2174 terrae
2523 2138 2636 2174 esse
2680 2137 2801 2173 uen-

1738 2214 1935 2264 turum'
1967 2211 2186 2279 quidam
2215 2210 2487 2264 Neronem
2508 2210 2798 2263 antichristi

1741 2302 2036 2353 aduentum
2087 2316 2496 2369 praecessurum
2544 2316 2654 2352 esse
2698 2315 2799 2352 cre·

1741 2389 1877 2442 dunt
1930 2388 1986 2441 II
2042 2389 2098 2441 M
2157 2391 2274 2450 175,
2337 2390 2419 2445 11.
2479 2387 2682 2456 Sibylla
2741 2387 2803 2440 de

1739 2477 1922 2531 futuro
1977 2476 2181 2532 Christi
2228 2477 2467 2531 aduentu
2505 2477 2531 2529 Ι
2569 2478 2686 2538 644,
2725 2477 2796 2530 10.

1741 2568 1862 2634 658,
1903 2571 1952 2621 5.
1994 2568 2059 2620 (16
2097 2567 2234 2620 tuba
2272 2567 2496 2620 caelesti
2523 2566 2552 2619 1
2580 2568 2693 2628 637,
2722 2567 2800 2618 22.

1741 2656 1805 2710 (16
1872 2656 2262 2710 resurrectione
2328 2655 2355 2708 I
2420 2655 2542 2718 656,
2611 2657 2687 2708 15.
2741 2654 2804 2706 de

1740 2745 1925 2798 futura
1975 2745 2198 2798 ciuitate
2250 2746 2438 2797 sancta
2484 2744 2512 2797 Ι
2557 2745 2674 2806 659,
2720 2744 2796 2797 13.

1742 2834 1808 2887 de
1858 2834 2094 2886 humana
2145 2832 2318 2886 forma
2367 2833 2396 2886 I
2450 2834 2567 2896 147,
2620 2834 2695 2885 12.
2740 2832 2801 2884 (16

1741 2923 1958 2976 homine
2010 2921 2096 2975 dei
2150 2939 2309 2991 opere
2359 2921 2388 2974 I
2443 2923 2561 2985 154,
2616 2923 2693 2974 21.
2741 2920 2803 2972 de

1743 3017 1915 3066 morte
1963 3012 2173 3082 peccati
2219 3027 2394 3080 poena
2439 3010 2467 3063 Ι
2507 3012 2622 3066 159.
2660 3012 2705 3065 4.
2742 3009 2806 3061 (16

1743 3102 2150 3154 simulacrorum
2189 3101 2470 3153 euersione
2508 3100 2536 3153 Ι
2572 3100 2688 3162 646,
2729 3101 2798 3151 12.

1745 3190 1979 3245 Graecos
2045 3190 2291 3258 increpat
2354 3187 2383 3240 I
2448 3190 2533 3253 57,
2604 3188 2680 3242 18.
2744 3186 2801 3239 de

1746 3279 1917 3333 Gallis
1968 3278 2025 3331 II
2074 3280 2192 3341 155,
2240 3279 2288 3331 8.
2342 3276 2607 3346 [Cumana
2652 3276 2680 3329 Ι
2726 3277 2804 3338 21,

1748 3370 1829 3424 15.
1896 3368 2016 3429 680,
2092 3368 2166 3435 3.]
2245 3365 2510 3434 Cymaeae
2585 3365 2806 3419 carmina

1747 3457 2064 3522 (uolumina)
2107 3456 2448 3509 occultantur
2486 3472 2518 3507 a
2564 3454 2812 3508 Romanis-

1742 3543 1770 3596 1
1810 3547 1895 3608 22,
1936 3545 2019 3598 20.
2061 3544 2180 3606 680,
2226 3545 2305 3597 10.
2345 3543 2402 3596 Π
2442 3544 2560 3608 125,
2600 3544 2649 3597 8.
2686 3543 2806 3595 Ver-

1747 3635 1909 3702 gilius
1985 3650 2048 3686 ea
2121 3633 2368 3700 sequitur
2438 3631 2466 3684 Ι
2539 3633 2660 3695 661,
2733 3632 2812 3685 18.

1745 3723 2044 3791 Erythraea
2081 3722 2107 3774 Ι
2149 3722 2256 3789 [21,
2301 3722 2382 3774 10.
2422 3722 2541 3783 679,
2583 3721 2666 3774 25.
2697 3721 2806 3783 680,

1747 3814 1819 3881 7.]
1859 3813 1943 3876 23,
1983 3813 2031 3865 3.
2070 3813 2120 3865 4.
2160 3811 2216 3864 11
2259 3812 2373 3874 124,
2413 3811 2463 3864 3.
2504 3813 2551 3865 6.
2592 3810 2704 3864 fore
2741 3811 2818 3862 ait

1747 3908 1808 3956 ut
1856 3903 2125 3956 diceretur
2168 3902 2359 3954 insana
2404 3901 2430 3953 I
2469 3902 2591 3964 336,
2636 3902 2712 3955 10.
2751 3899 2810 3953 (16

1747 3992 1847 4045 deo
1895 3992 1922 4044 Ι
1970 3992 2055 4055 29,
2108 3991 2190 4044 15.
2238 3989 2304 4043 (16
2352 3991 2432 4042 ira
2478 3989 2808 4050 (16111124,

1748 4083 1796 4134 9.
1841 4081 1958 4143 125,
2001 4080 2045 4132 1.
2076 4080 2133 4132 in
2163 4079 2415 4131 carminis
2444 4079 2529 4131 sui
2555 4078 2808 4147 principio

1750 4168 1894 4237 quod
1933 4186 1964 4220 a
2003 4184 2209 4220 summo
2250 4166 2350 4220 deo
2392 4183 2581 4219 exorsa
2620 4169 2716 4231 est,
2753 4165 2811 4218 (16

1749 4257 1836 4309 (161
1899 4257 2012 4310 filio
2079 4256 2105 4308 Ι
2166 4255 2286 4314 288,
2343 4256 2394 4309 4.
2452 4257 2574 4319 713,
2630 4256 2710 4309 10.
2765 4257 2822 4307 et

1748 4361 1930 4397 rursus
1960 4345 2014 4397 in
2045 4345 2151 4399 fine
2181 4344 2206 4397 Ι
2237 4344 2358 4409 289,
2389 4346 2437 4398 5.
2472 4344 2537 4398 (16
2566 4343 2821 4398 Paradiso
