3132 5043
1082 431 1463 484 nominum
1524 435 1596 484 et
1651 449 1916 495 rerum.

395 624 480 687 23,
534 624 616 676 15.
677 622 931 692 deceptor
985 622 1245 691 bilinguis
1298 624 1472 676 malus

397 715 454 764 et
488 715 777 780 propterea
813 713 1012 765 stultus
1050 711 1105 765 II
1145 713 1229 775 73,
1268 713 1315 764 6.
1357 712 1471 764 eius

396 801 636 854 stultitia
684 802 995 868 coarguitur
1030 801 1086 854 11
1123 802 1211 867 22,
1254 802 1298 854 1.
1359 802 1472 854 eius

393 889 593 943 leuitas
620 889 676 941 ΙΙ
707 890 792 952 93,
825 890 909 944 13.
950 887 1150 942 delirus
1178 890 1206 943 Ι
1238 889 1356 954 138,
1390 890 1471 945 16.

395 979 509 1031 eius
542 978 898 1032 deliramenta
925 979 982 1031 II
1010 980 1097 1042 23,
1130 980 1177 1032 7.
1207 978 1474 1032 inridetur

393 1066 421 1118 I
461 1068 581 1129 233,
625 1066 705 1120 14.
741 1069 823 1121 16.
862 1068 1034 1129 1123,
1070 1069 1133 1121 13
1164 1085 1235 1121 ss.
1266 1069 1353 1131 30,
1385 1068 1469 1122 18.

2548 439 2674 502 307

1602 625 1650 674 5.
1712 622 2024 676 existimant
2070 624 2273 676 animas
2323 642 2441 678 cum
2490 642 2676 695 corpo·

1601 710 1749 762 ribus
1787 711 1937 763 nasci
1969 714 2022 763 et
2050 711 2184 763 item
2214 728 2333 765 cum
2363 714 2676 782 corporibus

1603 800 1845 867 extingui
1883 799 1940 852 II
1982 802 2063 864 17,
2102 800 2150 853 6.
2191 801 2427 854 animum
2467 806 2523 855 et
2561 803 2676 855 ani-

1601 904 1743 940 mam
1807 886 2180 941 indifferenter
2235 889 2515 958 appellant
2571 890 2675 943 duo

1600 974 1854 1043 Epicurei
1882 979 2077 1045 poetae
2106 976 2163 1029 11
2193 978 2277 1039 57,
2315 979 2393 1032 15.
2425 979 2677 1048 Epicurei

1599 1062 1951 1117 uehementer
1997 1080 2186 1133 sapere¹
2238 1066 2539 1130 creduntur,
2581 1066 2678 1121 sed

392 1156 528 1209 alias
584 1156 892 1209 refellemus
941 1157 1236 1227 Epicurum
1281 1157 1339 1210 II
1384 1160 1469 1221 24,
1602 1151 1879 1221 desipiunt
1917 1153 1973 1206 11
2014 1153 2096 1217 10,
2139 1155 2206 1206 14
2255 1171 2324 1210 ss,
2379 1170 2562 1208 eorum
2619 1177 2675 1208 a·

392 1247 444 1300 9.
477 1247 593 1298 eius
623 1246 825 1314 scripta
852 1246 909 1299 II
939 1248 1022 1309 73,
1054 1247 1103 1299 8.
1145 1248 1258 1300 eius
1288 1247 1473 1300 schola
1598 1241 1806 1293 mentia
1842 1241 1898 1294 Ῑ[
1937 1242 1987 1305 9,
2027 1243 2079 1295 9.

391 1332 419 1384 Ι
458 1335 582 1398 676,
623 1335 670 1387 7.
709 1334 767 1387 II
805 1336 889 1400 72,
933 1336 979 1388 1,
1026 1336 1470 1405 philosophorum
1529 1329 1793 1398 Epidauri
1839 1328 2192 1399 Aesculapius
2239 1334 2479 1384 moratus
2531 1336 2614 1385 est
2651 1333 2677 1384 I

392 1422 485 1491 qui
534 1423 827 1492 Epicurum
875 1428 1176 1493 sequuntur
1231 1426 1472 1478 amentia
1599 1419 1683 1481 33,
1725 1419 1810 1473 22.
1851 1419 1972 1481 682,
2017 1420 2063 1470 1.
2119 1418 2396 1487 Epidauro
2448 1421 2673 1474 Romam

389 1511 447 1564 H
486 1512 537 1573 9,
581 1514 662 1566 10.
720 1513 983 1582 Epicurus
1021 1514 1331 1567 Lucretium
1374 1513 1468 1566 do·
1600 1507 1803 1560 accitus
1843 1505 1870 1558 I
1901 1508 2023 1570 126,
2051 1508 2135 1560 20.
2179 1509 2297 1571 169,
2333 1509 2591 1571 17-170,
2626 1511 2671 1562 1.

391 1601 507 1653 cuit
535 1601 705 1663 1130,
741 1602 824 1656 18.
860 1602 1085 1671 Epicuri
1122 1605 1252 1655 sunt
1291 1602 1471 1655 omnia
1527 1595 1775 1664 epilogus
1814 1595 1870 1647 ΙΙ
1911 1596 2028 1658 123,
2072 1598 2119 1650 7·

391 1706 531 1758 quae
572 1689 767 1743 delirat
803 1691 1088 1744 Lucretius
1126 1691 1184 1744 ΙΙ
1221 1692 1306 1754 22,
1347 1693 1395 1746 2,
1525 1684 1784 1737 Eratineo
1816 1686 2038 1749 (nomen
2067 1690 2410 1754 corruptum)
2440 1687 2675 1755 praesidi

318 1778 621 1848 Epicureus
661 1781 801 1833 Zeno
839 1780 868 1833 Ι
905 1781 1027 1844 247,
1072 1781 1152 1833 12.
1208 1779 1394 1834 Cicero
1441 1780 1469 1833 Ι
1596 1771 1654 1825 II
1690 1771 1747 1824 M
1785 1773 1907 1836 220,
1952 1775 1996 1827 1·

391 1870 513 1933 140,
556 1872 605 1924 6.
664 1870 858 1939 aliquis
897 1870 926 1923 I
963 1871 1086 1933 623,
1130 1872 1211 1924 15.
1269 1870 1467 1939 Epicu·
1525 1861 1918 1914 Eratosthenes
1957 1858 1984 1911 Ῑ
2023 1862 2107 1925 21,
2153 1862 2233 1915 14·

386 1976 540 2011 reum
578 1959 777 2027 dogma
813 1958 840 2010 I
873 1961 996 2021 624,
1029 1962 1077 2013 5,
1112 1990 1174 1998 -
1215 1959 1467 2029 Epicurei
1524 1949 1909 2003 Erichthonius
1955 1948 1983 2001 Ῑ
2022 1951 2109 2012 66,
2150 1950 2198 2002 6.
2242 1951 2307 2003 14
2345 1966 2414 2003 SS.
2463 1949 2583 2013 682,
2627 1950 2672 2002 1.

390 2063 508 2100 esse
551 2046 767 2115 quidem
803 2047 949 2111 deos,
979 2047 1075 2100 sed
1106 2064 1289 2101 curare
1320 2049 1466 2116 quic-
1522 2039 1792 2108 Erythl'ae
1831 2037 1879 2104 [Ῑ
1918 2038 2002 2100 22,
2035 2038 2144 2106 11·]
2186 2037 2242 2090 ῙῙ
2275 2038 2397 2099 124,
2426 2040 2474 2090 5·
2513 2038 2672 2107 [Ery-

389 2153 551 2205 quam
590 2139 796 2204 negant
830 2153 1004 2205 neque
1044 2138 1202 2190 irasci
1242 2153 1332 2191 eos
1370 2154 1466 2190 ne-
1596 2127 1818 2179 thracae
1859 2126 2110 2180 Ciuitates
2148 2127 2174 2178 l
2214 2128 2298 2188 22,
2341 2128 2449 2196 10.]
2505 2128 2671 2196 Apol·

387 2243 492 2293 que
543 2226 722 2293 gratia
770 2227 1095 2279 commoneri
1144 2226 1172 2278 I
1217 2228 1340 2291 470,
1383 2228 1464 2281 17.
1595 2215 1813 2268 1011οΥ118
1862 2213 2194 2282 Erythraeus
2241 2213 2290 2281 [Ῑ
2328 2215 2413 2277 21·
2457 2215 2562 2284 10]
2616 2215 2672 2268 ῙῙ

388 2315 512 2377 729,
558 2315 639 2368 13.
699 2313 1117 2384 adsumpserunt
1163 2315 1302 2367 nihil
1351 2316 1468 2369 fieri
1600 2305 1718 2367 124,
1759 2305 1808 2355 1·
1847 2302 2151 2371 Erythraea
2190 2302 2257 2355 Cf·
2299 2302 2557 2372 Sibyllae·

384 2405 572 2456 mente
622 2401 808 2456 diuina
848 2403 905 2456 ΙΙ
947 2404 1028 2468 17,
1068 2404 1118 2458 8,
1176 2403 1465 2472 prouiden-
1522 2393 1661 2461 Eryx
1691 2392 1832 2445 filius
1862 2391 2038 2444 Butae
2074 2394 2129 2444 et
2157 2391 2382 2443 Veneris
2410 2391 2438 2444 Ι
2468 2393 2553 2456 65,
2587 2392 2668 2445 18.

385 2492 523 2546 tiam
572 2509 680 2546 non
720 2509 836 2547 esse
876 2494 902 2546 1
942 2494 1063 2555 676,
1106 2494 1153 2547 7,
1193 2491 1250 2546 11
1288 2494 1338 2556 9,
1384 2494 1464 2546 11,
1522 2481 1713 2534 Esaias
1762 2497 1792 2533 a
1838 2481 2056 2535 Iudaeis
2113 2497 2258 2534 serra
2315 2484 2596 2535 consectus
2643 2481 2671 2534 I

388 2584 470 2646 17,
512 2585 563 2636 2,
622 2599 798 2636 rerum
847 2583 1109 2651 originem
1156 2599 1260 2635 non
1313 2581 1464 2636 uide-
1595 2571 1715 2633 307,
1770 2572 1851 2624 14.
1896 2576 2066 2639 yenet.
2114 2569 2310 2623 Esaiae
2357 2569 2384 2622 I
2422 2571 2543 2634 331,
2586 2572 2668 2624 11.

383 2672 521 2725 bant
552 2672 608 2725 H
641 2674 721 2735 17,
750 2676 799 2727 5.
829 2674 1095 2726 rationem
1126 2673 1465 2741 sequentium
1592 2659 1814 2713 Esaiam
1853 2660 1880 2712 1
1913 2661 2035 2724 321,
2070 2660 2151 2714 10-
2191 2659 2311 2721 351,
2347 2659 2430 2712 10·
2467 2658 2666 2711 Esaia-1¹

384 2778 494 2814 non
537 2761 742 2824 uident,
783 2761 911 2830 quia
949 2761 1115 2814 semel
1154 2766 1467 2814 errauerunt
1593 2752 1621 2805 Ι
1661 2749 1782 2810 715,
1822 2750 1906 2803 20·

383 2851 440 2903 in
477 2851 605 2920 ipsa
642 2866 851 2903 summa
885 2849 943 2903 II
985 2851 1067 2912 17,
1109 2851 1158 2903 1.
1212 2849 1463 2903 ostende·
1491 2913 1494 2919 Ι
1520 2842 1661 2895 ESUS
1702 2837 1980 2893 Gallfflum
2020 2836 2151 2890 deUS
2186 2838 2214 2890 Ῑ
2256 2839 2339 2898 79,
2379 2837 2457 2903 2·,

383 2940 521 2993 bant
575 2955 690 2991 esse
739 2938 919 3007 aliqua
964 2939 1021 2991 in
1069 2937 1267 3006 quibus
1310 2928 1703 3005 uide-,ethica
1737 2926 1765 2979 Ῑ
1805 2927 1925 2988 213,
1966 2925 2014 2981 7.
2056 2925 2175 2986 703,
2216 2926 2301 2978 21.
2343 2924 2464 2989 706,
2500 2925 2550 2978 4.

382 3032 537 3082 retur
573 3026 953 3097 prouidentiae
991 3028 1131 3080 ratio
1164 3026 1464 3081 claudicare
1520 3019 1658 3072 Eua
1690 3017 1719 3070 Ῐ
1760 3017 1879 3078 155,
1919 3014 1970 3069 8·
2013 3013 2131 3078 153,
2172 3014 2256 3069 10·

382 3118 440 3171 ΙΙ
472 3118 562 3180 17,
595 3118 676 3170 10.
717 3119 941 3169 naturae
981 3133 1145 3185 opera
1181 3117 1465 3185 reprehen-
1521 3105 1795 3175 euangelii
1840 3102 2174 3173 praedicatio
2227 3103 2255 3155 Ι
2294 3104 2415 3166 367,
2455 3102 2507 3156 8.
2534 3102 2666 3165 720,

384 3207 525 3260 dunt
563 3205 621 3258 II
659 3207 707 3269 9,
749 3205 835 3259 11.
902 3205 1205 3258 diuinorum
1244 3222 1464 3274 operum
1591 3197 1677 3250 24.
1716 3196 1774 3248 Π
1809 3194 1866 3247 Μ
1908 3195 2025 3256 174,
2067 3194 2260 3248 5-11.

382 3294 803 3365 reprehensores
840 3293 898 3346 II
939 3295 1020 3357 11,
1059 3294 1107 3346 2.
1153 3295 1234 3358 17,
1279 3295 1360 3346 11.
1409 3294 1465 3347 in
1521 3286 1774 3340 Euclides
1859 3283 2256 3352 Megaricorum
2350 3281 2671 3350 disciplinae

384 3386 461 3438 eis
504 3400 646 3453 quae
685 3383 755 3436 ad
790 3384 968 3452 ipsum
1006 3381 1267 3435 mundum
1296 3383 1464 3451 perti-
1596 3374 1843 3430 conditor
1864 3372 1929 3425 de
1961 3390 2167 3425 summo
2196 3372 2338 3425 bono
2371 3371 2398 3423 Ι
2429 3371 2551 3433 208,
2585 3370 2665 3423 13.

356 3473 576 3526 nentia
596 3473 732 3526 uitio
765 3472 911 3535 dant,
932 3471 1157 3525 ridicule
1186 3472 1475 3524 insaniunt
1520 3465 1850 3519 Euhemerus
1890 3463 1917 3516 Ι
1953 3464 2041 3525 42,
2082 3464 2115 3515 2
2153 3479 2222 3518 ss.
2271 3462 2394 3525 685,
2431 3461 2465 3514 8
2504 3477 2573 3514 ss.
2610 3457 2666 3511 II

380 3562 511 3626 119,
542 3562 623 3614 15.
651 3562 919 3615 hominem
947 3560 1099 3613 nulla
1118 3559 1465 3630 prouidentia
1592 3556 1680 3619 96,
1719 3557 1750 3608 9
1792 3553 1883 3618 (cf.
1921 3552 2169 3622 Ennius).
2210 3552 2327 3605 eius
2366 3550 2530 3603 Sacra
2565 3548 2665 3601 Hi-

384 3667 503 3704 esse
555 3651 755 3703 factum
809 3649 866 3702 II
906 3651 988 3714 14,
1031 3651 1111 3705 13.
1171 3653 1465 3717 queruntur
1594 3645 1762 3698 storia
1799 3658 1959 3695 uerae
1997 3641 2216 3694 litterae
2254 3640 2283 3692 Ι
2320 3639 2405 3700 53,
2446 3638 2501 3690 8.

380 3740 661 3793 hominem
706 3739 865 3791 nimis
912 3737 1224 3791 inbecillum
1265 3742 1321 3790 et
1356 3738 1463 3791 fra·
1522 3732 1751 3805 εὐφημίᾳ
1779 3734 1842 3784 ut
1872 3730 2064 3784 Graeci
2102 3728 2380 3798 appellant
2413 3727 2557 3788 184,
2583 3726 2664 3779 12.

382 3828 552 3896 gilem
591 3828 744 3880 nasci
783 3844 942 3896 quam
980 3829 1160 3879 cetera
1209 3827 1464 3880 animalia
1520 3823 1840 3893 Euphorbus
1868 3821 1896 3874 Ι
1925 3821 2047 3883 239,
2078 3819 2164 3874 20.
2194 3819 2313 3881 656,
2345 3817 2396 3870 8.
2426 3816 2547 3878 707,
2580 3814 2662 3867 13.

382 3915 438 3969 11
493 3916 579 3980 10,
632 3917 821 3969 1—13.
880 3917 962 3979 11,
1010 3916 1203 3969 6-11.
1260 3917 1463 3969 morbis
1519 3914 1840 3982 Euphranor
1875 3912 1902 3965 I
1945 3910 2062 3972 110,
2105 3909 2150 3964 1.

384 4009 440 4059 et
477 4005 788 4059 inmaturae
823 4006 987 4058 morti
1014 4022 1132 4058 esse
1163 4003 1462 4057 subiectum
1518 4002 1744 4071 Eupolis
1781 4000 1838 4054 H
1878 4000 1997 4061 156,
2041 3999 2122 4053 10.

380 4095 438 4149 II
478 4097 564 4159 14,
607 4096 692 4148 11.
744 4095 825 4157 15,
863 4095 914 4147 4.
953 4095 1038 4147 22.
1097 4093 1180 4157 16,
1222 4093 1304 4148 14.
1361 4092 1463 4145 hae
1518 4092 1736 4159 Europa
1773 4089 1841 4142 ab
1876 4088 2008 4140 Ioue
2036 4088 2216 4154 rapta:
2257 4083 2417 4137 huius
2445 4081 2663 4135 fabulae

384 4184 671 4252 opiniones
708 4181 1015 4235 refutantur
1049 4182 1106 4235 II
1146 4181 1229 4244 11,
1272 4182 1461 4234 1-14.
1590 4177 1967 4247 interpretatio
1992 4175 2020 4227 1
2038 4175 2124 4237 39,
2145 4174 2230 4226 21.
2252 4172 2338 4236 40,
2359 4173 2410 4225 4.
2433 4171 2554 4232 684,
2580 4170 2662 4225 10.

387 4272 469 4326 10.
513 4272 599 4335 14,
644 4270 868 4333 14-18,
911 4272 993 4325 17.
1048 4271 1242 4323 uolunt
1292 4271 1461 4323 uitam
1519 4268 1854 4339 Eurystheus
1891 4265 1919 4318 Ι
1957 4265 2046 4327 32,
2088 4264 2170 4317 14.

379 4359 664 4413 hominum
705 4376 1089 4427 superuacuam
1129 4375 1245 4413 esse
1283 4359 1310 4411 I
1341 4361 1462 4424 574,
1520 4358 1757 4426 εὐσέβεια
1795 4354 1928 4425 quid
1965 4355 2038 4407 sit
2073 4354 2102 4406 I
2143 4353 2262 4415 166,
2299 4351 2350 4404 8.
