3132 5043
598 471 729 534 396

597 660 878 713 confutare
917 661 944 713 I
982 661 1103 720 373,
1146 661 1228 712 11.

597 765 888 817 congerere
930 764 1057 817 opes
1095 748 1123 801 Ι
1160 750 1281 811 555,
1322 748 1371 801 8.
1412 748 1533 811 739,
1575 748 1657 801 14.
1697 749 1749 802 II

672 838 791 901 180,
836 838 917 890 19.

595 925 877 994 congeries
914 926 941 978 I
983 926 1063 989 14,
1103 926 1189 980 21.
1236 926 1350 988 132,
1393 927 1440 978 7.

595 1014 922 1083 conglobare
969 1013 997 1065 Ι
1046 1014 1163 1075 138,
1212 1015 1298 1069 22.
1347 1014 1468 1078 232,
1520 1016 1568 1067 6.
1623 1015 1744 1076 607,

671 1105 754 1156 17.
803 1103 857 1156 11
909 1103 990 1165 19,
1040 1105 1089 1156 5.
1139 1103 1226 1166 20,
1278 1103 1360 1156 18.
1412 1104 1499 1162 31.
1559 1105 1607 1157 7.
1658 1104 1743 1163 35,

669 1193 750 1244 17.
791 1193 879 1244 47.
923 1192 1004 1245 17.
1045 1192 1130 1254 83,
1175 1192 1255 1245 10.
1296 1192 1498 1255 86,15.
1539 1192 1626 1256 90,
1661 1194 1743 1245 12.

666 1281 746 1333 Ph
788 1282 907 1343 143,
953 1281 1070 1334 120.

594 1369 1013 1437 conglobatio-I
1053 1370 1173 1433 750,
1212 1371 1262 1423 6.
1303 1368 1356 1421 11
1396 1369 1481 1424 87.
1521 1370 1572 1424 4.

592 1475 923 1527 congregare
982 1459 1009 1511 Ι
1065 1460 1189 1522 364,
1246 1459 1294 1512 6.
1342 1457 1398 1510 II
1432 1458 1489 1510 M
1530 1458 1651 1521 174,
1696 1459 1741 1511 1.

665 1564 721 1599 se
762 1546 827 1599 de
867 1549 922 1600 11
962 1548 1045 1610 90,
1090 1548 1171 1600 11.
1215 1547 1532 1615 congregari
1560 1546 1588 1599 Ι
1618 1548 1741 1610 518,

662 1637 711 1687 5.
752 1635 802 1686 Π
845 1633 926 1698 18,
970 1636 1019 1687 4.
1061 1634 1205 1689 inter
1241 1652 1297 1689 se
1336 1636 1364 1689 Ι
1401 1636 1521 1698 517,
1566 1637 1647 1689 11.

589 1723 940 1792 congregatio
979 1723 1007 1776 I
1046 1725 1168 1790 517,
1209 1725 1294 1778 21.
1334 1726 1454 1788 518,
1498 1726 1580 1777 19.

587 1812 921 1879 congressio:
976 1812 1032 1864 in
1087 1814 1520 1882 congressionem
1570 1818 1738 1867 certa-

658 1916 888 1969 menque
929 1902 1112 1954 uenire
1154 1902 1178 1954 I
1209 1902 1330 1967 207,
1364 1904 1442 1956 17.
1479 1920 1534 1955 se
1566 1907 1735 1955 certa·

658 1989 793 2041 mini
832 1990 1305 2059 congressionique
1346 1991 1737 2044 committereI

657 2079 778 2141 502,
810 2079 859 2133 2.
894 2079 1202 2148 congressio
1235 2080 1412 2132 uxoris
1442 2080 1469 2132 Ι
1498 2082 1619 2141 559,
1651 2082 1734 2134 20.

585 2184 904 2235 congressus
942 2169 1094 2235 plur.
1142 2167 1170 2220 1
1220 2168 1303 2232 88,
1355 2171 1403 2221 5.
1451 2169 1735 2221 mulierum

656 2255 1036 2324 congressibus
1075 2255 1101 2308 Ι
1142 2258 1261 2321 163,
1301 2258 1349 2311 3.

583 2362 882 2413 congruens
919 2346 948 2398 Ι
984 2346 1103 2407 535,
1146 2345 1193 2398 8.
1235 2362 1277 2399 e.
1320 2347 1435 2399 dat.
1466 2346 1493 2398 I
1522 2347 1607 2410 93,
1652 2348 1729 2400 14.

654 2435 775 2496 274,
819 2435 900 2488 16.
943 2436 1064 2497 275,
1109 2435 1191 2487 12.
1230 2436 1353 2497 426,
1399 2436 1478 2487 15.
1517 2437 1641 2499 442,
1683 2437 1731 2488 2.

652 2523 708 2576 II
764 2525 848 2586 23,
907 2524 955 2578 8.
1011 2525 1069 2576 M
1128 2524 1246 2587 183,
1315 2525 1366 2580 3.
1433 2542 1732 2593 congruens

651 2612 927 2665 maiestati
980 2612 1087 2665 fuit
1141 2615 1204 2665 ut
1256 2612 1285 2664 I
1341 2613 1463 2678 386,
1509 2617 1553 2667 1.
1595 2616 1733 2682 [erat

653 2717 954 2768 congruens
1010 2704 1072 2754 ut
1128 2702 1152 2754 Ι
1205 2703 1311 2756 668
1369 2702 1494 2759 adn.
1550 2704 1730 2772 ἓ17.]

653 2788 782 2856 quid
822 2791 1203 2856 congruentius
1245 2791 1383 2845 deo?
1422 2792 1450 2845 Ι
1488 2793 1608 2856 379,
1645 2794 1725 2846 10.

580 2880 943 2945 congruenter
973 2895 1091 2930 cum
1118 2883 1312 2932 natura
1332 2880 1518 2933 uiuere
1549 2882 1576 2934 I
1609 2883 1726 2944 191,

654 2966 734 3018 11.
776 2966 894 3029 702,
941 2968 1020 3021 12.
1065 2968 1145 3020 13.

580 3056 931 3121 congruentia
966 3056 993 3107 Ι
1035 3056 1152 3119 116,
1193 3057 1278 3109 21.

576 3144 936 3211 conyruentia
946 3145 1176 3213 yeneris:
1190 3146 1388 3214 sinyul.
1403 3166 1415 3198 ε
1437 3149 1614 3199 utrum
1623 3164 1725 3215 que

652 3235 742 3295 (sc,
781 3232 972 3301 religio
1013 3239 1063 3286 et
1100 3235 1387 3303 sapientia)
1429 3235 1456 3287 I
1486 3237 1606 3300 273,
1644 3238 1722 3290 18.

645 3321 769 3383 278,
820 3321 867 3374 3.
918 3323 1037 3386 279,
1090 3324 1136 3376 1.
1186 3325 1275 3389 (sc.
1317 3326 1494 3392 gratia
1532 3331 1585 3378 et
1621 3326 1720 3390 ira)

645 3408 704 3460 ΙΙ
742 3409 826 3472 82,
868 3411 917 3465 3.
957 3416 1202 3479 paterae
1227 3412 1370 3465 filius
1401 3430 1563 3466 unum
1599 3418 1726 3466 sunt

643 3497 672 3549 Ι
713 3499 832 3562 723,
884 3501 931 3552 5.
985 3501 1251 3566 tenebras,
1306 3501 1452 3571 quod
1505 3505 1588 3555 est
1637 3502 1722 3554 his

650 3587 990 3653 (luminibus)
1046 3590 1386 3654 contrarium,
1436 3592 1723 3643 constituit

644 3676 699 3727 in
738 3679 884 3729 terra
920 3677 948 3730 Ι
989 3679 1109 3741 142,
1140 3680 1222 3732 20.
1253 3695 1352 3733 nec
1391 3680 1568 3746 gratia
1606 3697 1721 3732 mo-

643 3766 818 3828 uetur,
859 3766 1004 3833 quod
1044 3769 1126 3819 est
1162 3766 1274 3819 irae
1315 3768 1640 3820 contrarium
1666 3769 1722 3821 ΙΙ

645 3854 728 3916 73,
764 3854 846 3907 16.
876 3855 1256 3916 inmortalitas.
1290 3856 1431 3924 quod
1464 3862 1546 3910 est
1577 3875 1720 3911 sum·
1771 3902 1776 3908 .

1422 466 1662 520 Index
1718 466 2128 520 uerborum

1878 664 1933 713 et
1989 660 2204 713 claritas
2261 664 2315 714 et
2369 665 2892 730 motus—temperatus

1876 751 1961 800 est
1989 748 2015 800 I
2044 749 2164 813 598,
2210 749 2289 802 18.
2320 750 2540 818 plural.
2583 767 2660 814 ea,
2695 754 2890 820 utraque,

1874 837 1972 889 illa
2013 841 2105 902 (sc.
2144 853 2313 906 panes
2355 842 2409 891 et
2448 839 2641 908 pisces)
2679 839 2704 891 I
2738 840 2888 904 333,1.

1873 926 1921 977 4.
1964 926 2014 978 5.
2065 929 2227 994 potus
2276 929 2331 979 et
2379 927 2529 979 cibus
2566 927 2727 979 mixta
2758 927 2890 990 1142,

1877 1014 1958 1069 19.
1999 1015 2175 1068 caelos
2215 1020 2521 1084 terramque
2570 1016 2643 1068 sic
2680 1015 2889 1085 disposita

1872 1102 1900 1155 Ι
1937 1105 2057 1165 676,
2101 1105 2181 1157 12.
2224 1122 2338 1157 cum
2380 1122 2537 1158 sexus
2577 1107 2631 1158 et
2667 1122 2890 1174 corporum

1874 1193 2143 1261 copulatio
2177 1193 2305 1247 data
2333 1195 2444 1247 sint
2471 1194 2501 1246 I
2528 1194 2648 1257 680,
2670 1196 2746 1247 22.
2772 1211 2889 1262 quam

1870 1281 2014 1334 inter
2070 1299 2126 1336 se
2183 1283 2472 1336 coniuncta
2522 1284 2629 1335 sint
2678 1284 2892 1352 sapientia

1872 1373 1928 1422 et
1964 1370 2157 1440 religio
2195 1372 2224 1424 Ι
2260 1372 2381 1435 282,
2424 1373 2469 1434 1,
2512 1371 2767 1425 disiuncta
2796 1376 2889 1423 sunt

1869 1459 1895 1511 I
1916 1459 2038 1525 278,
2064 1460 2144 1512 18.
2169 1461 2259 1512 uia
2279 1460 2530 1514 ueritatis
2562 1465 2615 1512 et
2645 1459 2888 1529 sapientiae

1872 1550 1927 1599 et
1991 1548 2210 1600 uirtutis
2277 1552 2331 1601 et
2397 1550 2655 1611 iustitiae,
2715 1565 2887 1616 quorum

1870 1636 2106 1688 omnium
2162 1653 2298 1689 unus
2353 1636 2476 1690 fons
2535 1640 2619 1690 est
2667 1637 2692 1689 Ι
2724 1638 2823 1699 507,
2853 1638 2888 1690 3.

1867 1724 2001 1777 fides
2057 1726 2419 1793 temperantia
2482 1727 2717 1795 probitas
2771 1726 2888 1778 inno-

1868 1813 2047 1865 centia
2066 1814 2351 1881 integritas
2384 1818 2439 1867 et
2470 1818 2648 1868 cetera
2676 1813 2892 1867 eiusmodi

1863 1902 1890 1953 Ι
1928 1903 2048 1965 445,
2094 1903 2172 1954 16.
2215 1934 2280 1941 -—
2318 1902 2437 1956 ludi
2473 1903 2708 1956 Floralia
2740 1902 2765 1954 Ι
2796 1902 2888 1958 686.

1865 1990 1948 2042 20.
1990 2020 2057 2027 -
2097 1993 2458 2059 congruentia
2512 1992 2742 2045 numeri:
2791 2005 2887 2058 opes

1865 2081 1921 2130 et
1977 2094 2165 2147 corpus
2208 2121 2217 2131 .
2247 2121 2294 2135 ..
2344 2083 2493 2132 terra
2544 2082 2631 2132 est
2661 2079 2686 2131 I
2722 2080 2820 2141 103,
2852 2079 2887 2130 6.

1864 2182 1926 2219 ea
1994 2168 2461 2236 quae...scripta
2528 2170 2666 2229 sunt,
2726 2182 2887 2218 nouum

1860 2256 2245 2308 testamentum
2284 2256 2596 2309 nominatur
2633 2255 2659 2307 Ι
2693 2256 2797 2317 364,
2824 2255 2885 2305 17.

1860 2343 2123 2412 quidquid
2172 2347 2394 2412 aspectu
2440 2361 2634 2407 rarum,
2673 2340 2886 2411 quidquid

1859 2432 2157 2499 pretiosum
2197 2436 2295 2495 est,
2325 2433 2461 2486 haec
2500 2435 2655 2501 grata
2680 2448 2782 2485 esse
2807 2430 2885 2482 diis

1859 2521 2003 2574 suis,
2028 2565 2040 2577 .
2065 2521 2339 2575 ,iudicant
2365 2523 2394 2575 Ι
2419 2521 2542 2587 480,
2582 2525 2629 2577 5.
2667 2516 2885 2591 quidquid

1858 2611 2083 2680 pretiosi
2145 2610 2620 2679 habent—quibus
2674 2626 2763 2663 nec
2822 2606 2884 2657 uti

1858 2703 2086 2768 possunt
2130 2699 2156 2752 Ι
2204 2701 2326 2762 534,
2377 2701 2406 2753 7
2455 2701 2548 2771 (cf.
2601 2700 2720 2753 adn.
2755 2698 2884 2760 crit).

1858 2788 1961 2841 sibi
2010 2789 2236 2857 quisque
2286 2790 2532 2858 proprias
2572 2788 2680 2840 uias
2713 2788 2884 2854 inpres-

1856 2881 2042 2930 serunt
2079 2877 2106 2929 I
2141 2879 2194 2940 4,
2237 2879 2317 2931 17.
2367 2894 2506 2930 unus
2548 2878 2757 2946 quisque
2791 2887 2884 2925 cum

1855 2966 2040 3028 seruiS,
2081 2983 2201 3019 cum
2255 2966 2443 3020 liberis
2502 2966 2714 3019 aderant
2758 2962 2801 3014 H
2840 2958 2900 3038 M-

1858 3055 1973 3117 198,
1996 3056 2081 3108 22.
2113 3055 2159 3107 si
2189 3054 2660 3123 quis—inciderat,
2687 3083 2748 3090 —
2773 3064 2885 3102 mer·

1854 3143 2124 3210 gebantur
2156 3143 2213 3195 11
2249 3144 2306 3196 M
2346 3145 2468 3208 215,
2513 3145 2593 3197 19.

1782 3247 2073 3300 congruere
2123 3233 2151 3286 Ι
2203 3234 2288 3296 73,
2342 3235 2439 3287 26.-
2481 3250 2524 3287 c.
2576 3233 2683 3285 dat.
2731 3229 2756 3281 I
2789 3228 2884 3288 300,

1857 3322 1938 3373 12.
1976 3323 2100 3385 433,
2139 3324 2187 3375 9.
2231 3323 2350 3385 700,
2391 3323 2475 3377 28.
2516 3322 2572 3375 ΙΙ
2608 3323 2686 3383 26,
2719 3322 2790 3373 15.
2817 3318 2884 3375 67,

1855 3410 1901 3462 7.
1952 3427 2071 3463 cum
2117 3411 2144 3463 Ι
2196 3413 2279 3475 79,
2319 3413 2368 3464 8.
2409 3413 2531 3475 579,
2572 3414 2616 3465 6.
2654 3410 2706 3463 ΙΙ
2740 3410 2783 3472 4,
2820 3407 2884 3458 16.

1851 3499 1905 3550 in
1949 3500 2187 3568 aliquem
2224 3501 2251 3553 Ι
2288 3503 2375 3564 43,
2415 3503 2502 3555 24.
2534 3502 2648 3565 327,
2682 3500 2756 3551 10.
2785 3511 2884 3547 con-

1850 3593 2106 3656 gruentes
2145 3589 2199 3641 in
2237 3607 2402 3643 unum
2442 3607 2598 3644 uoces
2626 3590 2649 3642 I
2677 3588 2788 3648 286,
2818 3585 2883 3636 12.

1848 3676 1905 3726 in
1963 3693 2125 3729 unam
2185 3677 2457 3745 (eandem)
2518 3678 2819 3731 sententiam
2864 3671 2886 3722 I

1853 3766 1934 3828 12,
1973 3767 2023 3818 4.
2061 3765 2116 3818 ΙΙ
2152 3767 2207 3819 Μ
2251 3766 2374 3830 186,
2407 3768 2457 3821 3.
2514 3764 2821 3833 congruebat
2852 3776 2884 3814 c.

1849 3871 1961 3910 acc.
2003 3871 2044 3908 c.
2082 3855 2186 3922 inf.
2227 3855 2253 3907 I
2292 3857 2415 3918 539,
2456 3859 2506 3910 5.

641 3958 789 3994 mum
825 3942 1019 3995 bonum
1061 3943 1115 3995 II
1157 3945 1272 4007 104,
1309 3946 1388 3998 12.
1431 3944 1498 3997 ad
1535 3947 1719 3999 multi·
1777 3943 2077 3997 coniectare
2153 3944 2372 4011 aliquid
2445 3943 2510 3998 de
2582 3945 2665 4014 (=
2738 3945 2810 4006 ex)
2863 3937 2886 3989 Ι

541 4019 544 4023 ’
641 4029 885 4082 tudinem
925 4033 1277 4100 reparandam
1307 4033 1513 4103 delegit
1543 4035 1716 4105 (deus)

1846 4034 1968 4097 424,
2008 4035 2055 4086 3.

641 4135 803 4170 unum
867 4123 957 4182 (sc.
1007 4121 1183 4187 Noa),
1243 4121 1387 4190 quod
1445 4124 1719 4192 singulare
1777 4123 2086 4175 coniectura
2123 4122 2148 4174 I
2199 4123 2317 4188 182,
2373 4125 2424 4179 4.
2488 4124 2597 4186 188,
2651 4123 2732 4175 22.
2785 4116 2885 4180 261,

641 4205 885 4259 iustitiae
962 4213 1237 4278 supererat
1322 4213 1619 4281 exemplum
1693 4214 1721 4267 Ι

1850 4212 1930 4264 15.
1971 4212 2093 4276 583,
2135 4213 2182 4265 5.
2221 4212 2280 4265 ΙΙ
2317 4213 2402 4276 68,
2446 4216 2494 4267 5.

646 4293 765 4356 160,
811 4296 891 4348 15.
935 4312 1037 4359 cor,
1077 4315 1213 4365 quae
1252 4317 1375 4369 pars
1407 4305 1489 4353 est
1519 4302 1719 4371 etipsa
1777 4301 1944 4353 coniti
1982 4319 2023 4353 c.
2062 4301 2167 4368 inf.
2207 4302 2235 4355 Ι
2270 4303 2394 4367 410,
2436 4303 2518 4355 11.

641 4380 1005 4436 damnationis
1059 4386 1087 4438 Ι
1142 4388 1265 4442 341.
1328 4389 1370 4440 1.
1418 4389 1718 4444 moderatio
1776 4391 2024 4445 coniuere
2063 4393 2089 4443 Ι
2130 4392 2246 4456 183,
2288 4393 2374 4447 23.
2412 4393 2532 4455 405,
2574 4391 2653 4447 11.
