<?xml version="1.0" encoding="UTF-8"?>
<!DOCTYPE html PUBLIC "-//W3C//DTD XHTML 1.0 Transitional//EN"
    "http://www.w3.org/TR/xhtml1/DTD/xhtml1-transitional.dtd">
<html xmlns="http://www.w3.org/1999/xhtml" xml:lang="en" lang="en">
 <head>
  <title>
</title>
<meta http-equiv="Content-Type" content="text/html;charset=utf-8" />
  <meta name='ocr-system' content='tesseract 3.04.00' />
  <meta name='ocr-capabilities' content='ocr_page ocr_carea ocr_par ocr_line ocrx_word'/>
</head>
<body>
  <div class='ocr_page' id='page_1' title='image "./corpusscriptoru30wissgoog_0192.png"; bbox 0 0 3132 5043; ppageno 0'>
   <div class='ocr_carea' id='block_1_1' title="bbox 152 55 753 376">
    <p class='ocr_par' dir='ltr' id='par_1_1' title="bbox 152 55 753 376">
     <span class='ocr_line' id='line_1_1' title="bbox 152 55 753 376; baseline -0.003 -1"><span class='ocrx_word' id='word_1_1' title='bbox 152 55 753 376; x_wconf 59' lang='lat' dir='ltr'><em>s</em></span> 
     </span>
    </p>
   </div>
   <div class='ocr_carea' id='block_1_2' title="bbox 467 412 596 475">
    <p class='ocr_par' dir='ltr' id='par_1_2' title="bbox 467 412 596 475">
     <span class='ocr_line' id='line_1_2' title="bbox 467 412 596 475; baseline 0.016 -2"><span class='ocrx_word' id='word_1_2' title='bbox 467 412 596 475; x_wconf 84' lang='lat'>320</span> 
     </span>
    </p>
   </div>
   <div class='ocr_carea' id='block_1_3' title="bbox 537 600 1620 1283">
    <p class='ocr_par' dir='ltr' id='par_1_3' title="bbox 537 600 1620 1283">
     <span class='ocr_line' id='line_1_3' title="bbox 542 600 1619 671; baseline -0.003 -14"><span class='ocrx_word' id='word_1_3' title='bbox 542 604 628 665; x_wconf 83' lang='lat'>42,</span> <span class='ocrx_word' id='word_1_4' title='bbox 677 604 725 657; x_wconf 87' lang='grc'>3.</span> <span class='ocrx_word' id='word_1_5' title='bbox 778 602 899 665; x_wconf 96' lang='grc'>685,</span> <span class='ocrx_word' id='word_1_6' title='bbox 942 603 990 654; x_wconf 92' lang='grc'>9.</span> <span class='ocrx_word' id='word_1_7' title='bbox 1031 602 1086 654; x_wconf 87' lang='lat' dir='ltr'>in</span> <span class='ocrx_word' id='word_1_8' title='bbox 1127 602 1417 671; x_wconf 85' lang='lat' dir='ltr'>Triumpho</span> <span class='ocrx_word' id='word_1_9' title='bbox 1458 600 1619 670; x_wconf 90' lang='lat' dir='ltr'>Cupi-</span> 
     </span>
     <span class='ocr_line' id='line_1_4' title="bbox 541 692 1620 760; baseline -0.003 -14"><span class='ocrx_word' id='word_1_10' title='bbox 541 693 681 746; x_wconf 83' lang='lat' dir='ltr'>dinis</span> <span class='ocrx_word' id='word_1_11' title='bbox 713 692 946 744; x_wconf 85' lang='lat' dir='ltr'>carmine</span> <span class='ocrx_word' id='word_1_12' title='bbox 975 692 1224 760; x_wconf 88' lang='lat' dir='ltr'>Iuppiter</span> <span class='ocrx_word' id='word_1_13' title='bbox 1254 698 1380 745; x_wconf 88' lang='lat' dir='ltr'>ante</span> <span class='ocrx_word' id='word_1_14' title='bbox 1412 709 1620 745; x_wconf 87' lang='lat' dir='ltr'>currum</span> 
     </span>
     <span class='ocr_line' id='line_1_5' title="bbox 539 780 1617 851; baseline -0.005 -15"><span class='ocrx_word' id='word_1_15' title='bbox 539 782 923 851; x_wconf 85' lang='lat' dir='ltr'>triumphantis</span> <span class='ocrx_word' id='word_1_16' title='bbox 982 783 1261 833; x_wconf 80' lang='lat' dir='ltr'>catenatus</span> <span class='ocrx_word' id='word_1_17' title='bbox 1316 780 1343 832; x_wconf 99' lang='grc' dir='ltr'>Ι</span> <span class='ocrx_word' id='word_1_18' title='bbox 1399 780 1482 841; x_wconf 91' lang='grc'>36,</span> <span class='ocrx_word' id='word_1_19' title='bbox 1539 780 1617 831; x_wconf 87' lang='grc'>18.</span> 
     </span>
     <span class='ocr_line' id='line_1_6' title="bbox 538 868 1617 938; baseline -0.006 -12"><span class='ocrx_word' id='word_1_20' title='bbox 538 872 788 927; x_wconf 78' lang='lat' dir='ltr'>ademisti</span> <span class='ocrx_word' id='word_1_21' title='bbox 844 871 963 923; x_wconf 90' lang='lat' dir='ltr'>Ioui</span> <span class='ocrx_word' id='word_1_22' title='bbox 1019 875 1116 923; x_wconf 89' lang='lat' dir='ltr'>tuo</span> <span class='ocrx_word' id='word_1_23' title='bbox 1168 886 1392 938; x_wconf 86' lang='lat' dir='ltr'>regnum</span> <span class='ocrx_word' id='word_1_24' title='bbox 1434 869 1459 921; x_wconf 88' lang='grc' dir='ltr'>Ι</span> <span class='ocrx_word' id='word_1_25' title='bbox 1496 868 1617 929; x_wconf 90' lang='grc'>411,</span> 
     </span>
     <span class='ocr_line' id='line_1_7' title="bbox 538 957 1618 1031; baseline -0.007 -15"><span class='ocrx_word' id='word_1_26' title='bbox 538 964 587 1016; x_wconf 92' lang='grc'>2.</span> <span class='ocrx_word' id='word_1_27' title='bbox 647 961 914 1031; x_wconf 80' lang='lat' dir='ltr'>[Iuppiter</span> <span class='ocrx_word' id='word_1_28' title='bbox 961 960 989 1013; x_wconf 98' lang='grc' dir='ltr'>Ι</span> <span class='ocrx_word' id='word_1_29' title='bbox 1027 962 1111 1019; x_wconf 88' lang='grc'>57,</span> <span class='ocrx_word' id='word_1_30' title='bbox 1151 961 1201 1014; x_wconf 92' lang='grc'>4.</span> <span class='ocrx_word' id='word_1_31' title='bbox 1241 961 1326 1021; x_wconf 91' lang='grc'>62,</span> <span class='ocrx_word' id='word_1_32' title='bbox 1373 958 1452 1011; x_wconf 92' lang='grc'>19.</span> <span class='ocrx_word' id='word_1_33' title='bbox 1494 957 1618 1016; x_wconf 81' lang='grc'>415,</span> 
     </span>
     <span class='ocr_line' id='line_1_8' title="bbox 540 1045 1619 1117; baseline -0.007 -14"><span class='ocrx_word' id='word_1_34' title='bbox 540 1051 623 1105; x_wconf 91' lang='grc'>11.</span> <span class='ocrx_word' id='word_1_35' title='bbox 677 1048 807 1111; x_wconf 73' lang='grc' dir='ltr'>Ζεύς</span> <span class='ocrx_word' id='word_1_36' title='bbox 857 1050 883 1102; x_wconf 94' lang='lat' dir='ltr'>I</span> <span class='ocrx_word' id='word_1_37' title='bbox 939 1051 1057 1114; x_wconf 89' lang='grc'>164,</span> <span class='ocrx_word' id='word_1_38' title='bbox 1113 1051 1183 1117; x_wconf 88' lang='grc'>1.]</span> <span class='ocrx_word' id='word_1_39' title='bbox 1235 1049 1412 1101; x_wconf 86' lang='lat' dir='ltr'>Zenon</span> <span class='ocrx_word' id='word_1_40' title='bbox 1465 1045 1619 1116; x_wconf 77' lang='grc' dir='ltr'>λόγον</span> 
     </span>
     <span class='ocr_line' id='line_1_9' title="bbox 537 1136 1618 1206; baseline -0.004 -14"><span class='ocrx_word' id='word_1_41' title='bbox 537 1140 772 1193; x_wconf 86' lang='lat' dir='ltr'>animum</span> <span class='ocrx_word' id='word_1_42' title='bbox 808 1139 983 1191; x_wconf 69' lang='lat' dir='ltr'>&#39;Iouis</span> <span class='ocrx_word' id='word_1_43' title='bbox 1056 1141 1333 1206; x_wconf 86' lang='lat' dir='ltr'>nuncupat</span> <span class='ocrx_word' id='word_1_44' title='bbox 1404 1137 1431 1189; x_wconf 90' lang='grc' dir='ltr'>Ι</span> <span class='ocrx_word' id='word_1_45' title='bbox 1495 1136 1618 1195; x_wconf 96' lang='grc'>300,</span> 
     </span>
     <span class='ocr_line' id='line_1_10' title="bbox 543 1231 747 1283; baseline -0.005 -1"><span class='ocrx_word' id='word_1_46' title='bbox 543 1231 621 1283; x_wconf 92' lang='grc'>10.</span> <span class='ocrx_word' id='word_1_47' title='bbox 667 1231 747 1282; x_wconf 95' lang='grc'>12.</span> 
     </span>
    </p>
   </div>
   <div class='ocr_carea' id='block_1_4' title="bbox 470 1314 1546 1377">
    <p class='ocr_par' dir='ltr' id='par_1_4' title="bbox 470 1314 1546 1377">
     <span class='ocr_line' id='line_1_11' title="bbox 470 1314 1546 1377; baseline -0.004 -6"><span class='ocrx_word' id='word_1_48' title='bbox 470 1317 753 1371; x_wconf 87' lang='lat' dir='ltr'>iurandum</span> <span class='ocrx_word' id='word_1_49' title='bbox 793 1334 899 1369; x_wconf 93' lang='lat' dir='ltr'>non</span> <span class='ocrx_word' id='word_1_50' title='bbox 939 1333 1053 1369; x_wconf 87' lang='lat' dir='ltr'>esse</span> <span class='ocrx_word' id='word_1_51' title='bbox 1092 1316 1118 1368; x_wconf 93' lang='grc' dir='ltr'>Ι</span> <span class='ocrx_word' id='word_1_52' title='bbox 1159 1318 1280 1377; x_wconf 90' lang='grc'>743,</span> <span class='ocrx_word' id='word_1_53' title='bbox 1323 1314 1546 1368; x_wconf 85' lang='grc'>11-13.</span> 
     </span>
    </p>
   </div>
   <div class='ocr_carea' id='block_1_5' title="bbox 472 1403 1619 2452">
    <p class='ocr_par' dir='ltr' id='par_1_5' title="bbox 472 1403 1619 2452">
     <span class='ocr_line' id='line_1_12' title="bbox 472 1403 1619 1475; baseline -0.003 -17"><span class='ocrx_word' id='word_1_54' title='bbox 472 1407 577 1475; x_wconf 88' lang='lat' dir='ltr'>[ius</span> <span class='ocrx_word' id='word_1_55' title='bbox 635 1407 796 1458; x_wconf 86' lang='lat' dir='ltr'>trium</span> <span class='ocrx_word' id='word_1_56' title='bbox 854 1406 1146 1458; x_wconf 87' lang='lat' dir='ltr'>liberorum</span> <span class='ocrx_word' id='word_1_57' title='bbox 1184 1404 1208 1456; x_wconf 92' lang='grc' dir='ltr'>Ι</span> <span class='ocrx_word' id='word_1_58' title='bbox 1249 1406 1332 1465; x_wconf 89' lang='grc'>62,</span> <span class='ocrx_word' id='word_1_59' title='bbox 1374 1404 1483 1471; x_wconf 82' lang='grc'>21.]</span> <span class='ocrx_word' id='word_1_60' title='bbox 1534 1403 1619 1455; x_wconf 91' lang='lat' dir='ltr'>ius</span> 
     </span>
     <span class='ocr_line' id='line_1_13' title="bbox 543 1493 1617 1554; baseline -0.003 -6"><span class='ocrx_word' id='word_1_61' title='bbox 543 1496 701 1549; x_wconf 87' lang='lat' dir='ltr'>ciuile</span> <span class='ocrx_word' id='word_1_62' title='bbox 741 1512 848 1548; x_wconf 74' lang='lat' dir='ltr'>non</span> <span class='ocrx_word' id='word_1_63' title='bbox 889 1498 973 1547; x_wconf 91' lang='lat' dir='ltr'>est</span> <span class='ocrx_word' id='word_1_64' title='bbox 1009 1512 1139 1547; x_wconf 83' lang='lat' dir='ltr'>uera</span> <span class='ocrx_word' id='word_1_65' title='bbox 1176 1493 1394 1547; x_wconf 85' lang='lat' dir='ltr'>iustitia</span> <span class='ocrx_word' id='word_1_66' title='bbox 1429 1494 1456 1546; x_wconf 95' lang='lat' dir='ltr'>I</span> <span class='ocrx_word' id='word_1_67' title='bbox 1495 1493 1617 1554; x_wconf 84' lang='lat'>511,</span> 
     </span>
     <span class='ocr_line' id='line_1_14' title="bbox 538 1582 1616 1645; baseline -0.003 -8"><span class='ocrx_word' id='word_1_68' title='bbox 538 1587 588 1637; x_wconf 88' lang='grc'>2.</span> <span class='ocrx_word' id='word_1_69' title='bbox 629 1585 1008 1637; x_wconf 78' lang='lat' dir='ltr'>institutiones</span> <span class='ocrx_word' id='word_1_70' title='bbox 1049 1583 1223 1636; x_wconf 83' lang='lat' dir='ltr'>ciuilis</span> <span class='ocrx_word' id='word_1_71' title='bbox 1264 1584 1396 1635; x_wconf 88' lang='lat' dir='ltr'>iuris</span> <span class='ocrx_word' id='word_1_72' title='bbox 1434 1582 1461 1634; x_wconf 92' lang='grc' dir='ltr'>Ι</span> <span class='ocrx_word' id='word_1_73' title='bbox 1487 1584 1537 1645; x_wconf 88' lang='lat'>4,</span> <span class='ocrx_word' id='word_1_74' title='bbox 1568 1584 1616 1635; x_wconf 90' lang='lat'>4.</span> 
     </span>
     <span class='ocr_line' id='line_1_15' title="bbox 537 1672 1619 1740; baseline -0.003 -14"><span class='ocrx_word' id='word_1_75' title='bbox 537 1675 620 1726; x_wconf 90' lang='lat' dir='ltr'>ius</span> <span class='ocrx_word' id='word_1_76' title='bbox 661 1674 820 1726; x_wconf 81' lang='lat' dir='ltr'>ciuile</span> <span class='ocrx_word' id='word_1_77' title='bbox 861 1672 925 1725; x_wconf 90' lang='lat' dir='ltr'>de</span> <span class='ocrx_word' id='word_1_78' title='bbox 963 1672 1075 1725; x_wconf 86' lang='lat' dir='ltr'>filio</span> <span class='ocrx_word' id='word_1_79' title='bbox 1115 1673 1207 1740; x_wconf 92' lang='lat' dir='ltr'>qui</span> <span class='ocrx_word' id='word_1_80' title='bbox 1248 1676 1331 1724; x_wconf 86' lang='lat' dir='ltr'>est</span> <span class='ocrx_word' id='word_1_81' title='bbox 1370 1672 1421 1724; x_wconf 92' lang='lat' dir='ltr'>in</span> <span class='ocrx_word' id='word_1_82' title='bbox 1464 1672 1619 1724; x_wconf 88' lang='lat' dir='ltr'>domo</span> 
     </span>
     <span class='ocr_line' id='line_1_16' title="bbox 540 1761 1619 1830; baseline -0.002 -15"><span class='ocrx_word' id='word_1_83' title='bbox 540 1767 595 1815; x_wconf 91' lang='lat' dir='ltr'>et</span> <span class='ocrx_word' id='word_1_84' title='bbox 634 1764 686 1814; x_wconf 89' lang='lat' dir='ltr'>in</span> <span class='ocrx_word' id='word_1_85' title='bbox 728 1778 886 1814; x_wconf 88' lang='lat' dir='ltr'>manu</span> <span class='ocrx_word' id='word_1_86' title='bbox 925 1762 1096 1830; x_wconf 87' lang='lat' dir='ltr'>patris</span> <span class='ocrx_word' id='word_1_87' title='bbox 1135 1762 1161 1813; x_wconf 94' lang='lat'>1</span> <span class='ocrx_word' id='word_1_88' title='bbox 1200 1762 1321 1827; x_wconf 87' lang='grc'>392,</span> <span class='ocrx_word' id='word_1_89' title='bbox 1366 1763 1445 1813; x_wconf 91' lang='grc'>19.</span> <span class='ocrx_word' id='word_1_90' title='bbox 1485 1761 1619 1813; x_wconf 90' lang='lat' dir='ltr'>iuris</span> 
     </span>
     <span class='ocr_line' id='line_1_17' title="bbox 538 1849 1617 1920; baseline -0.003 -17"><span class='ocrx_word' id='word_1_91' title='bbox 538 1851 739 1920; x_wconf 75' lang='lat' dir='ltr'>publici</span> <span class='ocrx_word' id='word_1_92' title='bbox 777 1851 915 1902; x_wconf 78' lang='lat' dir='ltr'>ratio</span> <span class='ocrx_word' id='word_1_93' title='bbox 958 1849 1022 1901; x_wconf 90' lang='lat' dir='ltr'>de</span> <span class='ocrx_word' id='word_1_94' title='bbox 1064 1849 1331 1902; x_wconf 88' lang='lat' dir='ltr'>adulterio</span> <span class='ocrx_word' id='word_1_95' title='bbox 1362 1850 1388 1901; x_wconf 95' lang='lat' dir='ltr'>I</span> <span class='ocrx_word' id='word_1_96' title='bbox 1418 1851 1538 1914; x_wconf 90' lang='grc'>568,</span> <span class='ocrx_word' id='word_1_97' title='bbox 1571 1852 1617 1903; x_wconf 88' lang='lat'>7.</span> 
     </span>
     <span class='ocr_line' id='line_1_18' title="bbox 542 1939 1617 2008; baseline -0.001 -17"><span class='ocrx_word' id='word_1_98' title='bbox 542 1939 940 2008; x_wconf 74' lang='lat' dir='ltr'>disputationes</span> <span class='ocrx_word' id='word_1_99' title='bbox 998 1940 1128 1992; x_wconf 90' lang='lat' dir='ltr'>iuris</span> <span class='ocrx_word' id='word_1_100' title='bbox 1184 1940 1480 2007; x_wconf 88' lang='lat' dir='ltr'>peritorum</span> <span class='ocrx_word' id='word_1_101' title='bbox 1536 1940 1617 1990; x_wconf 89' lang='lat' dir='ltr'>in-</span> 
     </span>
     <span class='ocr_line' id='line_1_19' title="bbox 542 2025 1619 2093; baseline -0.004 -11"><span class='ocrx_word' id='word_1_102' title='bbox 542 2031 717 2082; x_wconf 85' lang='lat' dir='ltr'>iustae</span> <span class='ocrx_word' id='word_1_103' title='bbox 756 2029 783 2081; x_wconf 99' lang='grc' dir='ltr'>Ι</span> <span class='ocrx_word' id='word_1_104' title='bbox 820 2032 943 2092; x_wconf 88' lang='grc'>436,</span> <span class='ocrx_word' id='word_1_105' title='bbox 987 2029 1068 2083; x_wconf 92' lang='grc'>10.</span> <span class='ocrx_word' id='word_1_106' title='bbox 1099 2059 1164 2065; x_wconf 91' lang='grc'>-</span> <span class='ocrx_word' id='word_1_107' title='bbox 1198 2028 1263 2079; x_wconf 85' lang='lat' dir='ltr'>cf.</span> <span class='ocrx_word' id='word_1_108' title='bbox 1306 2025 1361 2079; x_wconf 88' lang='lat' dir='ltr'>C.</span> <span class='ocrx_word' id='word_1_109' title='bbox 1393 2027 1619 2093; x_wconf 79' lang='lat' dir='ltr'>Feri-ini,</span> 
     </span>
     <span class='ocr_line' id='line_1_20' title="bbox 542 2116 1619 2184; baseline -0.004 -13"><span class='ocrx_word' id='word_1_110' title='bbox 542 2119 651 2171; x_wconf 72' lang='lat' dir='ltr'>Die</span> <span class='ocrx_word' id='word_1_111' title='bbox 678 2117 870 2184; x_wconf 71' lang='lat' dir='ltr'>juri-st.</span> <span class='ocrx_word' id='word_1_112' title='bbox 909 2117 1249 2170; x_wconf 78' lang='lat' dir='ltr'>Kenntnisse</span> <span class='ocrx_word' id='word_1_113' title='bbox 1289 2116 1407 2181; x_wconf 79' lang='lat' dir='ltr'>(des</span> <span class='ocrx_word' id='word_1_114' title='bbox 1435 2117 1619 2168; x_wconf 79' lang='lat' dir='ltr'>Arno-</span> 
     </span>
     <span class='ocr_line' id='line_1_21' title="bbox 540 2205 1618 2274; baseline -0.004 -13"><span class='ocrx_word' id='word_1_115' title='bbox 540 2209 663 2261; x_wconf 74' lang='lat' dir='ltr'>biue</span> <span class='ocrx_word' id='word_1_116' title='bbox 698 2211 782 2274; x_wconf 85' lang='lat' dir='ltr'>u.)</span> <span class='ocrx_word' id='word_1_117' title='bbox 834 2205 925 2259; x_wconf 78' lang='lat' dir='ltr'>des</span> <span class='ocrx_word' id='word_1_118' title='bbox 961 2206 1316 2269; x_wconf 73' lang='lat' dir='ltr'>Lactantius,</span> <span class='ocrx_word' id='word_1_119' title='bbox 1356 2205 1618 2258; x_wconf 76' lang='lat' dir='ltr'>Zeitschr.</span> 
     </span>
     <span class='ocr_line' id='line_1_22' title="bbox 542 2295 1619 2365; baseline -0.004 -14"><span class='ocrx_word' id='word_1_120' title='bbox 542 2297 591 2351; x_wconf 80' lang='lat' dir='ltr'>d.</span> <span class='ocrx_word' id='word_1_121' title='bbox 617 2295 1156 2365; x_wconf 72' lang='lat' dir='ltr'>Saviqny·Stiftuny,</span> <span class='ocrx_word' id='word_1_122' title='bbox 1187 2298 1473 2349; x_wconf 71' lang='lat' dir='ltr'>romani-st.</span> <span class='ocrx_word' id='word_1_123' title='bbox 1504 2295 1619 2347; x_wconf 76' lang='lat' dir='ltr'>Ab·</span> 
     </span>
     <span class='ocr_line' id='line_1_23' title="bbox 542 2384 1429 2452; baseline -0.003 -14"><span class='ocrx_word' id='word_1_124' title='bbox 542 2386 709 2449; x_wconf 62' lang='lat' dir='ltr'>theil„</span> <span class='ocrx_word' id='word_1_125' title='bbox 749 2385 857 2437; x_wconf 91' lang='lat' dir='ltr'>uol.</span> <span class='ocrx_word' id='word_1_126' title='bbox 896 2384 992 2436; x_wconf 84' lang='lat' dir='ltr'>XV</span> <span class='ocrx_word' id='word_1_127' title='bbox 1030 2402 1080 2452; x_wconf 90' lang='lat' dir='ltr'>p.</span> <span class='ocrx_word' id='word_1_128' title='bbox 1121 2385 1224 2437; x_wconf 88' lang='grc'>346</span> <span class='ocrx_word' id='word_1_129' title='bbox 1265 2401 1332 2435; x_wconf 83' lang='lat' dir='ltr'>ss,</span> <span class='ocrx_word' id='word_1_130' title='bbox 1424 2394 1429 2399; x_wconf 80' lang='grc'><strong><em>’</em></strong></span> 
     </span>
    </p>
   </div>
   <div class='ocr_carea' id='block_1_6' title="bbox 470 2473 1618 2536">
    <p class='ocr_par' dir='ltr' id='par_1_6' title="bbox 470 2473 1618 2536">
     <span class='ocr_line' id='line_1_24' title="bbox 470 2473 1618 2536; baseline -0.001 -10"><span class='ocrx_word' id='word_1_131' title='bbox 470 2474 684 2527; x_wconf 83' lang='lat' dir='ltr'>iustitia</span> <span class='ocrx_word' id='word_1_132' title='bbox 738 2473 1002 2527; x_wconf 83' lang='lat' dir='ltr'>naturalis</span> <span class='ocrx_word' id='word_1_133' title='bbox 1048 2473 1075 2526; x_wconf 94' lang='grc' dir='ltr'>Ι</span> <span class='ocrx_word' id='word_1_134' title='bbox 1120 2474 1243 2536; x_wconf 90' lang='grc'>451,</span> <span class='ocrx_word' id='word_1_135' title='bbox 1287 2474 1367 2526; x_wconf 89' lang='grc'>18.</span> <span class='ocrx_word' id='word_1_136' title='bbox 1408 2474 1529 2536; x_wconf 90' lang='grc'>452,</span> <span class='ocrx_word' id='word_1_137' title='bbox 1571 2473 1618 2526; x_wconf 90' lang='grc'>2.</span> 
     </span>
    </p>
   </div>
   <div class='ocr_carea' id='block_1_7' title="bbox 540 2563 1630 4408">
    <p class='ocr_par' dir='ltr' id='par_1_7' title="bbox 540 2563 1630 4408">
     <span class='ocr_line' id='line_1_25' title="bbox 543 2563 1619 2628; baseline -0.002 -12"><span class='ocrx_word' id='word_1_138' title='bbox 543 2565 687 2628; x_wconf 88' lang='grc'>(504,</span> <span class='ocrx_word' id='word_1_139' title='bbox 728 2566 797 2628; x_wconf 88' lang='grc'>5.)</span> <span class='ocrx_word' id='word_1_140' title='bbox 841 2563 1018 2616; x_wconf 85' lang='lat' dir='ltr'>ciuilis</span> <span class='ocrx_word' id='word_1_141' title='bbox 1056 2564 1083 2616; x_wconf 99' lang='grc' dir='ltr'>Ι</span> <span class='ocrx_word' id='word_1_142' title='bbox 1120 2565 1241 2628; x_wconf 88' lang='grc'>451,</span> <span class='ocrx_word' id='word_1_143' title='bbox 1286 2564 1365 2616; x_wconf 91' lang='grc'>17.</span> <span class='ocrx_word' id='word_1_144' title='bbox 1406 2564 1527 2625; x_wconf 88' lang='grc'>452,</span> <span class='ocrx_word' id='word_1_145' title='bbox 1569 2564 1619 2616; x_wconf 90' lang='grc'>3.</span> 
     </span>
     <span class='ocr_line' id='line_1_26' title="bbox 540 2652 1620 2721; baseline 0 -17"><span class='ocrx_word' id='word_1_146' title='bbox 540 2652 759 2721; x_wconf 84' lang='lat' dir='ltr'>publica</span> <span class='ocrx_word' id='word_1_147' title='bbox 816 2652 1099 2720; x_wconf 79' lang='lat' dir='ltr'>ciuilisque</span> <span class='ocrx_word' id='word_1_148' title='bbox 1156 2653 1183 2705; x_wconf 90' lang='grc' dir='ltr'>Ι</span> <span class='ocrx_word' id='word_1_149' title='bbox 1241 2654 1360 2715; x_wconf 88' lang='grc'>553,</span> <span class='ocrx_word' id='word_1_150' title='bbox 1402 2655 1448 2705; x_wconf 88' lang='grc'>5.</span> <span class='ocrx_word' id='word_1_151' title='bbox 1501 2669 1620 2705; x_wconf 85' lang='lat' dir='ltr'>cae-</span> 
     </span>
     <span class='ocr_line' id='line_1_27' title="bbox 542 2741 1624 2805; baseline -0.003 -10"><span class='ocrx_word' id='word_1_152' title='bbox 542 2743 699 2795; x_wconf 89' lang='lat' dir='ltr'>lestis</span> <span class='ocrx_word' id='word_1_153' title='bbox 738 2742 765 2795; x_wconf 95' lang='grc' dir='ltr'>Ι</span> <span class='ocrx_word' id='word_1_154' title='bbox 801 2743 922 2805; x_wconf 89' lang='grc'>553,</span> <span class='ocrx_word' id='word_1_155' title='bbox 975 2744 1026 2794; x_wconf 92' lang='grc'>4.</span> <span class='ocrx_word' id='word_1_156' title='bbox 1085 2741 1205 2804; x_wconf 88' lang='grc'>581,</span> <span class='ocrx_word' id='word_1_157' title='bbox 1269 2742 1349 2793; x_wconf 94' lang='grc'>11.</span> <span class='ocrx_word' id='word_1_158' title='bbox 1407 2741 1624 2793; x_wconf 82' lang='lat' dir='ltr'>iustitia</span> 
     </span>
     <span class='ocr_line' id='line_1_28' title="bbox 549 2830 1620 2899; baseline -0.002 -16"><span class='ocrx_word' id='word_1_159' title='bbox 549 2830 844 2899; x_wconf 81' lang='lat' dir='ltr'>(caelestis)</span> <span class='ocrx_word' id='word_1_160' title='bbox 887 2830 1016 2898; x_wconf 84' lang='lat' dir='ltr'>quid</span> <span class='ocrx_word' id='word_1_161' title='bbox 1056 2830 1129 2882; x_wconf 85' lang='lat' dir='ltr'>sit</span> <span class='ocrx_word' id='word_1_162' title='bbox 1155 2830 1181 2882; x_wconf 95' lang='lat' dir='ltr'>I</span> <span class='ocrx_word' id='word_1_163' title='bbox 1214 2831 1331 2892; x_wconf 88' lang='grc'>157,</span> <span class='ocrx_word' id='word_1_164' title='bbox 1371 2831 1457 2882; x_wconf 89' lang='grc'>22.</span> <span class='ocrx_word' id='word_1_165' title='bbox 1499 2830 1620 2891; x_wconf 88' lang='grc'>201,</span> 
     </span>
     <span class='ocr_line' id='line_1_29' title="bbox 543 2919 1621 2983; baseline -0.003 -9"><span class='ocrx_word' id='word_1_166' title='bbox 543 2923 594 2974; x_wconf 94' lang='grc'>6.</span> <span class='ocrx_word' id='word_1_167' title='bbox 636 2920 757 2983; x_wconf 88' lang='grc'>202,</span> <span class='ocrx_word' id='word_1_168' title='bbox 801 2920 846 2971; x_wconf 90' lang='grc'>1.</span> <span class='ocrx_word' id='word_1_169' title='bbox 888 2919 1008 2981; x_wconf 90' lang='grc'>413,</span> <span class='ocrx_word' id='word_1_170' title='bbox 1052 2920 1098 2970; x_wconf 93' lang='grc'>7.</span> <span class='ocrx_word' id='word_1_171' title='bbox 1139 2919 1261 2980; x_wconf 92' lang='grc'>419,</span> <span class='ocrx_word' id='word_1_172' title='bbox 1304 2921 1350 2971; x_wconf 89' lang='grc'>5.</span> <span class='ocrx_word' id='word_1_173' title='bbox 1386 2920 1468 2972; x_wconf 84' lang='grc'>13.</span> <span class='ocrx_word' id='word_1_174' title='bbox 1499 2919 1621 2980; x_wconf 89' lang='grc'>445,</span> 
     </span>
     <span class='ocr_line' id='line_1_30' title="bbox 542 3007 1621 3072; baseline 0 -12"><span class='ocrx_word' id='word_1_175' title='bbox 542 3009 590 3061; x_wconf 91' lang='grc'>5.</span> <span class='ocrx_word' id='word_1_176' title='bbox 635 3008 898 3070; x_wconf 91' lang='grc'>11-447,</span> <span class='ocrx_word' id='word_1_177' title='bbox 959 3009 1040 3062; x_wconf 90' lang='grc'>19.</span> <span class='ocrx_word' id='word_1_178' title='bbox 1097 3007 1220 3072; x_wconf 86' lang='grc'>448,</span> <span class='ocrx_word' id='word_1_179' title='bbox 1281 3008 1362 3062; x_wconf 93' lang='grc'>10.</span> <span class='ocrx_word' id='word_1_180' title='bbox 1412 3008 1531 3068; x_wconf 90' lang='grc'>511,</span> <span class='ocrx_word' id='word_1_181' title='bbox 1572 3009 1621 3060; x_wconf 90' lang='grc'>2.</span> 
     </span>
     <span class='ocr_line' id='line_1_31' title="bbox 543 3097 1622 3163; baseline 0 -14"><span class='ocrx_word' id='word_1_182' title='bbox 543 3098 666 3163; x_wconf 82' lang='grc'>578,</span> <span class='ocrx_word' id='word_1_183' title='bbox 726 3097 809 3150; x_wconf 88' lang='grc'>20.</span> <span class='ocrx_word' id='word_1_184' title='bbox 869 3097 988 3160; x_wconf 89' lang='grc'>600,</span> <span class='ocrx_word' id='word_1_185' title='bbox 1047 3097 1134 3149; x_wconf 89' lang='grc'>22.</span> <span class='ocrx_word' id='word_1_186' title='bbox 1192 3097 1310 3160; x_wconf 93' lang='grc'>704,</span> <span class='ocrx_word' id='word_1_187' title='bbox 1373 3098 1450 3150; x_wconf 89' lang='grc'>15.</span> <span class='ocrx_word' id='word_1_188' title='bbox 1503 3097 1622 3162; x_wconf 88' lang='grc'>709,</span> 
     </span>
     <span class='ocr_line' id='line_1_32' title="bbox 547 3186 1622 3249; baseline 0.002 -11"><span class='ocrx_word' id='word_1_189' title='bbox 547 3187 805 3249; x_wconf 90' lang='grc'>17-730,</span> <span class='ocrx_word' id='word_1_190' title='bbox 864 3187 912 3241; x_wconf 93' lang='grc'>9.</span> <span class='ocrx_word' id='word_1_191' title='bbox 975 3187 1056 3239; x_wconf 90' lang='grc'>15.</span> <span class='ocrx_word' id='word_1_192' title='bbox 1110 3186 1228 3248; x_wconf 91' lang='grc'>733,</span> <span class='ocrx_word' id='word_1_193' title='bbox 1268 3187 1462 3239; x_wconf 89' lang='grc'>3-20.</span> <span class='ocrx_word' id='word_1_194' title='bbox 1505 3187 1622 3240; x_wconf 87' lang='grc'>752.</span> 
     </span>
     <span class='ocr_line' id='line_1_33' title="bbox 541 3273 1622 3342; baseline 0.003 -16"><span class='ocrx_word' id='word_1_195' title='bbox 541 3275 626 3329; x_wconf 90' lang='grc'>24.</span> <span class='ocrx_word' id='word_1_196' title='bbox 670 3277 801 3342; x_wconf 73' lang='grc'>754,</span> <span class='ocrx_word' id='word_1_197' title='bbox 845 3276 889 3328; x_wconf 93' lang='grc'>1.</span> <span class='ocrx_word' id='word_1_198' title='bbox 928 3276 983 3328; x_wconf 90' lang='grc' dir='ltr'>Π</span> <span class='ocrx_word' id='word_1_199' title='bbox 1021 3276 1106 3339; x_wconf 89' lang='grc'>69,</span> <span class='ocrx_word' id='word_1_200' title='bbox 1155 3277 1238 3331; x_wconf 91' lang='grc'>21.</span> <span class='ocrx_word' id='word_1_201' title='bbox 1277 3273 1363 3338; x_wconf 89' lang='grc'>81,</span> <span class='ocrx_word' id='word_1_202' title='bbox 1413 3277 1496 3329; x_wconf 91' lang='grc'>20.</span> <span class='ocrx_word' id='word_1_203' title='bbox 1538 3277 1622 3338; x_wconf 90' lang='grc'>98,</span> 
     </span>
     <span class='ocr_line' id='line_1_34' title="bbox 550 3365 1628 3434; baseline 0.002 -17"><span class='ocrx_word' id='word_1_204' title='bbox 550 3366 629 3417; x_wconf 89' lang='grc'>12.</span> <span class='ocrx_word' id='word_1_205' title='bbox 675 3365 791 3426; x_wconf 88' lang='grc'>105,</span> <span class='ocrx_word' id='word_1_206' title='bbox 836 3366 917 3418; x_wconf 93' lang='grc'>19.</span> <span class='ocrx_word' id='word_1_207' title='bbox 957 3365 1153 3434; x_wconf 76' lang='lat' dir='ltr'>quibus</span> <span class='ocrx_word' id='word_1_208' title='bbox 1184 3365 1317 3418; x_wconf 81' lang='lat' dir='ltr'>locis</span> <span class='ocrx_word' id='word_1_209' title='bbox 1344 3365 1486 3418; x_wconf 81' lang='lat' dir='ltr'>idem</span> <span class='ocrx_word' id='word_1_210' title='bbox 1512 3366 1628 3432; x_wconf 81' lang='lat' dir='ltr'>fere</span> 
     </span>
     <span class='ocr_line' id='line_1_35' title="bbox 545 3454 1623 3523; baseline 0.001 -17"><span class='ocrx_word' id='word_1_211' title='bbox 545 3469 654 3506; x_wconf 77' lang='lat' dir='ltr'>esse</span> <span class='ocrx_word' id='word_1_212' title='bbox 689 3455 825 3506; x_wconf 82' lang='lat' dir='ltr'>solet</span> <span class='ocrx_word' id='word_1_213' title='bbox 863 3456 1010 3521; x_wconf 79' lang='lat' dir='ltr'>quod</span> <span class='ocrx_word' id='word_1_214' title='bbox 1054 3455 1245 3523; x_wconf 87' lang='lat' dir='ltr'>religio</span> <span class='ocrx_word' id='word_1_215' title='bbox 1288 3454 1623 3508; x_wconf 87' lang='lat' dir='ltr'>Christiana:</span> 
     </span>
     <span class='ocr_line' id='line_1_36' title="bbox 544 3540 1624 3608; baseline 0.003 -14"><span class='ocrx_word' id='word_1_216' title='bbox 544 3543 670 3595; x_wconf 82' lang='lat' dir='ltr'>item</span> <span class='ocrx_word' id='word_1_217' title='bbox 708 3540 735 3593; x_wconf 95' lang='grc' dir='ltr'>Ι</span> <span class='ocrx_word' id='word_1_218' title='bbox 772 3543 896 3608; x_wconf 92' lang='grc'>411,</span> <span class='ocrx_word' id='word_1_219' title='bbox 939 3544 1018 3595; x_wconf 92' lang='grc'>11.</span> <span class='ocrx_word' id='word_1_220' title='bbox 1077 3545 1198 3606; x_wconf 90' lang='grc'>419,</span> <span class='ocrx_word' id='word_1_221' title='bbox 1242 3545 1321 3597; x_wconf 94' lang='lat'>11.</span> <span class='ocrx_word' id='word_1_222' title='bbox 1376 3546 1498 3608; x_wconf 89' lang='grc'>424,</span> <span class='ocrx_word' id='word_1_223' title='bbox 1542 3546 1624 3599; x_wconf 88' lang='grc'>12.</span> 
     </span>
     <span class='ocr_line' id='line_1_37' title="bbox 543 3630 1621 3698; baseline 0.001 -14"><span class='ocrx_word' id='word_1_224' title='bbox 543 3631 667 3692; x_wconf 89' lang='grc'>436,</span> <span class='ocrx_word' id='word_1_225' title='bbox 714 3630 793 3683; x_wconf 91' lang='grc'>18.</span> <span class='ocrx_word' id='word_1_226' title='bbox 835 3631 883 3698; x_wconf 96' lang='grc' dir='ltr'>[Ι</span> <span class='ocrx_word' id='word_1_227' title='bbox 918 3633 953 3684; x_wconf 87' lang='lat'>4</span> <span class='ocrx_word' id='word_1_228' title='bbox 994 3632 1114 3685; x_wconf 89' lang='lat' dir='ltr'>adn.</span> <span class='ocrx_word' id='word_1_229' title='bbox 1155 3638 1182 3694; x_wconf 68' lang='grc' dir='ltr'>ξ</span> <span class='ocrx_word' id='word_1_230' title='bbox 1224 3634 1305 3686; x_wconf 91' lang='grc'>13.</span> <span class='ocrx_word' id='word_1_231' title='bbox 1347 3633 1451 3687; x_wconf 80' lang='grc'>668</span> <span class='ocrx_word' id='word_1_232' title='bbox 1501 3633 1621 3686; x_wconf 89' lang='lat' dir='ltr'>adn.</span> 
     </span>
     <span class='ocr_line' id='line_1_38' title="bbox 544 3720 1628 3786; baseline 0.004 -15"><span class='ocrx_word' id='word_1_233' title='bbox 544 3725 571 3782; x_wconf 65' lang='grc' dir='ltr'>ξ</span> <span class='ocrx_word' id='word_1_234' title='bbox 614 3720 721 3786; x_wconf 82' lang='grc'>11.]</span> <span class='ocrx_word' id='word_1_235' title='bbox 762 3720 820 3773; x_wconf 93' lang='grc' dir='ltr'>ΙΙ</span> <span class='ocrx_word' id='word_1_236' title='bbox 857 3721 913 3772; x_wconf 90' lang='grc' dir='ltr'><em>Μ</em></span> <span class='ocrx_word' id='word_1_237' title='bbox 954 3722 1071 3786; x_wconf 86' lang='grc'>174,</span> <span class='ocrx_word' id='word_1_238' title='bbox 1116 3723 1196 3775; x_wconf 93' lang='grc'>17.</span> <span class='ocrx_word' id='word_1_239' title='bbox 1242 3724 1357 3784; x_wconf 89' lang='grc'>175,</span> <span class='ocrx_word' id='word_1_240' title='bbox 1398 3724 1447 3775; x_wconf 91' lang='grc'>4.</span> <span class='ocrx_word' id='word_1_241' title='bbox 1497 3722 1628 3775; x_wconf 76' lang='lat' dir='ltr'>inde</span> 
     </span>
     <span class='ocr_line' id='line_1_39' title="bbox 544 3808 1627 3879; baseline 0.003 -19"><span class='ocrx_word' id='word_1_242' title='bbox 544 3808 812 3861; x_wconf 84' lang='lat' dir='ltr'>iustitiam</span> <span class='ocrx_word' id='word_1_243' title='bbox 860 3811 1108 3879; x_wconf 82' lang='lat' dir='ltr'>persequi</span> <span class='ocrx_word' id='word_1_244' title='bbox 1156 3810 1182 3863; x_wconf 95' lang='lat' dir='ltr'>I</span> <span class='ocrx_word' id='word_1_245' title='bbox 1228 3812 1349 3872; x_wconf 85' lang='grc'>385,</span> <span class='ocrx_word' id='word_1_246' title='bbox 1390 3815 1438 3865; x_wconf 91' lang='grc'>5.</span> <span class='ocrx_word' id='word_1_247' title='bbox 1478 3811 1533 3863; x_wconf 85' lang='grc' dir='ltr'>ΙΙ</span> <span class='ocrx_word' id='word_1_248' title='bbox 1571 3812 1627 3863; x_wconf 87' lang='lat' dir='ltr'>M</span> 
     </span>
     <span class='ocr_line' id='line_1_40' title="bbox 550 3896 1628 3965; baseline 0.004 -16"><span class='ocrx_word' id='word_1_249' title='bbox 550 3896 669 3961; x_wconf 87' lang='grc'>178,</span> <span class='ocrx_word' id='word_1_250' title='bbox 698 3899 729 3950; x_wconf 90' lang='grc'>2</span> <span class='ocrx_word' id='word_1_251' title='bbox 762 3903 850 3965; x_wconf 91' lang='lat'>(=</span> <span class='ocrx_word' id='word_1_252' title='bbox 885 3899 1205 3965; x_wconf 84' lang='lat' dir='ltr'>ecclesiam).</span> <span class='ocrx_word' id='word_1_253' title='bbox 1258 3904 1628 3953; x_wconf 87' lang='lat' dir='ltr'>consummata</span> 
     </span>
     <span class='ocr_line' id='line_1_41' title="bbox 548 3986 1626 4054; baseline 0.005 -17"><span class='ocrx_word' id='word_1_254' title='bbox 548 3989 603 4038; x_wconf 87' lang='lat' dir='ltr'>et</span> <span class='ocrx_word' id='word_1_255' title='bbox 651 3986 892 4054; x_wconf 86' lang='lat' dir='ltr'>perfecta</span> <span class='ocrx_word' id='word_1_256' title='bbox 937 3987 1149 4040; x_wconf 85' lang='lat' dir='ltr'>iustitia</span> <span class='ocrx_word' id='word_1_257' title='bbox 1185 3987 1211 4039; x_wconf 92' lang='grc' dir='ltr'>Ι</span> <span class='ocrx_word' id='word_1_258' title='bbox 1251 3989 1370 4053; x_wconf 89' lang='grc'>580,</span> <span class='ocrx_word' id='word_1_259' title='bbox 1422 3990 1502 4044; x_wconf 90' lang='grc'>15.</span> <span class='ocrx_word' id='word_1_260' title='bbox 1543 3990 1626 4042; x_wconf 89' lang='lat' dir='ltr'>iu-</span> 
     </span>
     <span class='ocr_line' id='line_1_42' title="bbox 547 4075 1628 4140; baseline 0.006 -14"><span class='ocrx_word' id='word_1_261' title='bbox 547 4075 731 4127; x_wconf 89' lang='lat' dir='ltr'>stitiae</span> <span class='ocrx_word' id='word_1_262' title='bbox 778 4075 929 4128; x_wconf 83' lang='lat' dir='ltr'>radix</span> <span class='ocrx_word' id='word_1_263' title='bbox 975 4076 1002 4129; x_wconf 95' lang='lat'>1</span> <span class='ocrx_word' id='word_1_264' title='bbox 1053 4078 1171 4140; x_wconf 88' lang='grc'>737,</span> <span class='ocrx_word' id='word_1_265' title='bbox 1224 4078 1305 4132; x_wconf 90' lang='grc'>12.</span> <span class='ocrx_word' id='word_1_266' title='bbox 1355 4079 1468 4130; x_wconf 89' lang='lat' dir='ltr'>eius</span> <span class='ocrx_word' id='word_1_267' title='bbox 1517 4083 1628 4132; x_wconf 81' lang='lat' dir='ltr'>tres</span> 
     </span>
     <span class='ocr_line' id='line_1_43' title="bbox 551 4163 1626 4236; baseline 0.003 -20"><span class='ocrx_word' id='word_1_268' title='bbox 551 4163 748 4233; x_wconf 85' lang='lat' dir='ltr'>gradus</span> <span class='ocrx_word' id='word_1_269' title='bbox 806 4164 831 4216; x_wconf 92' lang='grc' dir='ltr'>Ι</span> <span class='ocrx_word' id='word_1_270' title='bbox 891 4166 1012 4228; x_wconf 90' lang='grc'>533,</span> <span class='ocrx_word' id='word_1_271' title='bbox 1061 4167 1109 4219; x_wconf 90' lang='grc'>9.</span> <span class='ocrx_word' id='word_1_272' title='bbox 1150 4166 1351 4234; x_wconf 83' lang='lat' dir='ltr'>primus</span> <span class='ocrx_word' id='word_1_273' title='bbox 1393 4169 1448 4218; x_wconf 90' lang='lat' dir='ltr'>et</span> <span class='ocrx_word' id='word_1_274' title='bbox 1502 4184 1626 4236; x_wconf 90' lang='lat' dir='ltr'>pro-</span> 
     </span>
     <span class='ocr_line' id='line_1_44' title="bbox 547 4253 1628 4322; baseline 0.004 -17"><span class='ocrx_word' id='word_1_275' title='bbox 547 4253 718 4306; x_wconf 84' lang='lat' dir='ltr'>ximus</span> <span class='ocrx_word' id='word_1_276' title='bbox 759 4253 871 4306; x_wconf 90' lang='lat' dir='ltr'>eius</span> <span class='ocrx_word' id='word_1_277' title='bbox 903 4254 1099 4322; x_wconf 86' lang='lat' dir='ltr'>gradus</span> <span class='ocrx_word' id='word_1_278' title='bbox 1128 4256 1155 4308; x_wconf 91' lang='lat'>1</span> <span class='ocrx_word' id='word_1_279' title='bbox 1187 4257 1305 4318; x_wconf 87' lang='lat'>737,</span> <span class='ocrx_word' id='word_1_280' title='bbox 1336 4257 1399 4308; x_wconf 94' lang='grc'>19</span> <span class='ocrx_word' id='word_1_281' title='bbox 1432 4273 1471 4309; x_wconf 90' lang='lat' dir='ltr'>s.</span> <span class='ocrx_word' id='word_1_282' title='bbox 1513 4257 1628 4309; x_wconf 84' lang='lat' dir='ltr'>eius</span> 
     </span>
     <span class='ocr_line' id='line_1_45' title="bbox 552 4342 1630 4408; baseline 0.003 -13"><span class='ocrx_word' id='word_1_283' title='bbox 552 4359 758 4395; x_wconf 84' lang='lat' dir='ltr'>summa.</span> <span class='ocrx_word' id='word_1_284' title='bbox 793 4342 820 4393; x_wconf 94' lang='grc' dir='ltr'>Ι</span> <span class='ocrx_word' id='word_1_285' title='bbox 859 4345 980 4408; x_wconf 88' lang='grc'>569,</span> <span class='ocrx_word' id='word_1_286' title='bbox 1023 4345 1103 4398; x_wconf 90' lang='grc'>17.</span> <span class='ocrx_word' id='word_1_287' title='bbox 1145 4344 1247 4397; x_wconf 93' lang='lat' dir='ltr'>duo</span> <span class='ocrx_word' id='word_1_288' title='bbox 1299 4345 1410 4396; x_wconf 82' lang='lat' dir='ltr'>eius</span> <span class='ocrx_word' id='word_1_289' title='bbox 1451 4345 1630 4398; x_wconf 86' lang='lat' dir='ltr'>officia</span> 
     </span>
    </p>
   </div>
   <div class='ocr_carea' id='block_1_8' title="bbox 1513 410 1753 463">
    <p class='ocr_par' dir='ltr' id='par_1_8' title="bbox 1513 410 1753 463">
     <span class='ocr_line' id='line_1_46' title="bbox 1513 410 1753 463; baseline -0.004 0"><span class='ocrx_word' id='word_1_290' title='bbox 1513 410 1753 463; x_wconf 83' lang='lat' dir='ltr'>Index</span> 
     </span>
    </p>
   </div>
   <div class='ocr_carea' id='block_1_9' title="bbox 1744 603 2820 3608">
    <p class='ocr_par' dir='ltr' id='par_1_9' title="bbox 1744 603 2820 3608">
     <span class='ocr_line' id='line_1_47' title="bbox 1746 603 2806 669; baseline 0.003 -14"><span class='ocrx_word' id='word_1_291' title='bbox 1746 603 1772 655; x_wconf 94' lang='grc' dir='ltr'>Ι</span> <span class='ocrx_word' id='word_1_292' title='bbox 1812 604 1934 662; x_wconf 90' lang='grc'>514.</span> <span class='ocrx_word' id='word_1_293' title='bbox 1975 604 2023 657; x_wconf 87' lang='grc'>8.</span> <span class='ocrx_word' id='word_1_294' title='bbox 2066 604 2185 669; x_wconf 91' lang='grc'>704,</span> <span class='ocrx_word' id='word_1_295' title='bbox 2227 605 2307 657; x_wconf 93' lang='grc'>17.</span> <span class='ocrx_word' id='word_1_296' title='bbox 2351 604 2470 667; x_wconf 88' lang='grc'>735,</span> <span class='ocrx_word' id='word_1_297' title='bbox 2525 605 2604 657; x_wconf 93' lang='lat'>11.</span> <span class='ocrx_word' id='word_1_298' title='bbox 2647 606 2721 658; x_wconf 88' lang='lat'>17.</span> <span class='ocrx_word' id='word_1_299' title='bbox 2757 607 2806 658; x_wconf 94' lang='lat' dir='ltr'>II</span> 
     </span>
     <span class='ocr_line' id='line_1_48' title="bbox 1751 693 2804 762; baseline 0.004 -17"><span class='ocrx_word' id='word_1_300' title='bbox 1751 694 1868 757; x_wconf 90' lang='grc'>105,</span> <span class='ocrx_word' id='word_1_301' title='bbox 1932 694 2011 747; x_wconf 91' lang='grc'>19.</span> <span class='ocrx_word' id='word_1_302' title='bbox 2072 694 2185 747; x_wconf 87' lang='lat' dir='ltr'>eius</span> <span class='ocrx_word' id='word_1_303' title='bbox 2243 709 2404 762; x_wconf 88' lang='lat' dir='ltr'>opera</span> <span class='ocrx_word' id='word_1_304' title='bbox 2467 693 2496 746; x_wconf 93' lang='grc' dir='ltr'>Ι</span> <span class='ocrx_word' id='word_1_305' title='bbox 2561 694 2677 756; x_wconf 87' lang='grc'>328,</span> <span class='ocrx_word' id='word_1_306' title='bbox 2731 697 2804 750; x_wconf 85' lang='grc'>21.</span> 
     </span>
     <span class='ocr_line' id='line_1_49' title="bbox 1745 782 2804 847; baseline 0.003 -14"><span class='ocrx_word' id='word_1_307' title='bbox 1745 782 1868 844; x_wconf 87' lang='grc'>376,</span> <span class='ocrx_word' id='word_1_308' title='bbox 1923 783 2002 835; x_wconf 90' lang='grc'>15.</span> <span class='ocrx_word' id='word_1_309' title='bbox 2053 782 2173 845; x_wconf 89' lang='grc'>380,</span> <span class='ocrx_word' id='word_1_310' title='bbox 2225 784 2307 836; x_wconf 89' lang='grc'>21.</span> <span class='ocrx_word' id='word_1_311' title='bbox 2357 783 2482 846; x_wconf 88' lang='grc'>484,</span> <span class='ocrx_word' id='word_1_312' title='bbox 2526 785 2549 835; x_wconf 95' lang='grc'>1</span> <span class='ocrx_word' id='word_1_313' title='bbox 2595 800 2658 835; x_wconf 83' lang='lat' dir='ltr'>ss,</span> <span class='ocrx_word' id='word_1_314' title='bbox 2696 785 2804 847; x_wconf 88' lang='grc'>521,</span> 
     </span>
     <span class='ocr_line' id='line_1_50' title="bbox 1744 871 2805 935; baseline 0 -11"><span class='ocrx_word' id='word_1_315' title='bbox 1744 871 1977 933; x_wconf 85' lang='grc'>3-522,</span> <span class='ocrx_word' id='word_1_316' title='bbox 2037 872 2085 925; x_wconf 94' lang='grc'>8.</span> <span class='ocrx_word' id='word_1_317' title='bbox 2144 873 2265 935; x_wconf 90' lang='grc'>524,</span> <span class='ocrx_word' id='word_1_318' title='bbox 2325 873 2390 926; x_wconf 91' lang='grc'>13</span> <span class='ocrx_word' id='word_1_319' title='bbox 2449 888 2520 927; x_wconf 88' lang='lat' dir='ltr'>ss.</span> <span class='ocrx_word' id='word_1_320' title='bbox 2573 872 2805 935; x_wconf 85' lang='lat'>531,11.</span> 
     </span>
     <span class='ocr_line' id='line_1_51' title="bbox 1751 960 2807 1026; baseline 0.004 -15"><span class='ocrx_word' id='word_1_321' title='bbox 1751 960 1830 1015; x_wconf 88' lang='grc'>19.</span> <span class='ocrx_word' id='word_1_322' title='bbox 1881 961 2002 1026; x_wconf 88' lang='grc'>533,</span> <span class='ocrx_word' id='word_1_323' title='bbox 2052 962 2102 1013; x_wconf 91' lang='grc'>3.</span> <span class='ocrx_word' id='word_1_324' title='bbox 2141 962 2261 1023; x_wconf 86' lang='grc'>572,</span> <span class='ocrx_word' id='word_1_325' title='bbox 2305 964 2349 1016; x_wconf 93' lang='grc'>7.</span> <span class='ocrx_word' id='word_1_326' title='bbox 2394 963 2514 1025; x_wconf 90' lang='grc'>734,</span> <span class='ocrx_word' id='word_1_327' title='bbox 2557 964 2807 1018; x_wconf 80' lang='lat' dir='ltr'>20-ss.11</span> 
     </span>
     <span class='ocr_line' id='line_1_52' title="bbox 1745 1048 2806 1120; baseline 0.003 -20"><span class='ocrx_word' id='word_1_328' title='bbox 1745 1048 1802 1100; x_wconf 88' lang='lat' dir='ltr'>M</span> <span class='ocrx_word' id='word_1_329' title='bbox 1843 1050 1961 1109; x_wconf 87' lang='lat'>177,</span> <span class='ocrx_word' id='word_1_330' title='bbox 2005 1050 2085 1102; x_wconf 88' lang='lat'>19.</span> <span class='ocrx_word' id='word_1_331' title='bbox 2128 1049 2174 1119; x_wconf 94' lang='grc' dir='ltr'>[Ι</span> <span class='ocrx_word' id='word_1_332' title='bbox 2220 1052 2324 1104; x_wconf 90' lang='grc'>668</span> <span class='ocrx_word' id='word_1_333' title='bbox 2363 1051 2485 1104; x_wconf 83' lang='lat' dir='ltr'>adn.</span> <span class='ocrx_word' id='word_1_334' title='bbox 2524 1057 2552 1115; x_wconf 66' lang='grc' dir='ltr'>ἓ</span> <span class='ocrx_word' id='word_1_335' title='bbox 2591 1052 2670 1107; x_wconf 91' lang='grc'>11.</span> <span class='ocrx_word' id='word_1_336' title='bbox 2710 1053 2806 1120; x_wconf 83' lang='grc'>17].</span> 
     </span>
     <span class='ocr_line' id='line_1_53' title="bbox 1744 1138 2809 1203; baseline 0.002 -12"><span class='ocrx_word' id='word_1_337' title='bbox 1744 1139 1990 1191; x_wconf 85' lang='lat' dir='ltr'>homines</span> <span class='ocrx_word' id='word_1_338' title='bbox 2036 1138 2106 1191; x_wconf 88' lang='lat' dir='ltr'>ad</span> <span class='ocrx_word' id='word_1_339' title='bbox 2151 1139 2416 1192; x_wconf 89' lang='lat' dir='ltr'>iustitiam</span> <span class='ocrx_word' id='word_1_340' title='bbox 2455 1141 2605 1193; x_wconf 85' lang='lat' dir='ltr'>nasei</span> <span class='ocrx_word' id='word_1_341' title='bbox 2640 1140 2666 1192; x_wconf 93' lang='lat' dir='ltr'>I</span> <span class='ocrx_word' id='word_1_342' title='bbox 2700 1141 2809 1203; x_wconf 88' lang='grc'>578,</span> 
     </span>
     <span class='ocr_line' id='line_1_54' title="bbox 1746 1227 2807 1296; baseline -0.001 -16"><span class='ocrx_word' id='word_1_343' title='bbox 1746 1229 1830 1281; x_wconf 90' lang='grc'>23.</span> <span class='ocrx_word' id='word_1_344' title='bbox 1872 1229 1992 1290; x_wconf 90' lang='grc'>704,</span> <span class='ocrx_word' id='word_1_345' title='bbox 2033 1228 2263 1291; x_wconf 86' lang='grc'>2-705,</span> <span class='ocrx_word' id='word_1_346' title='bbox 2295 1228 2344 1283; x_wconf 90' lang='grc'>2.</span> <span class='ocrx_word' id='word_1_347' title='bbox 2385 1228 2499 1280; x_wconf 89' lang='lat' dir='ltr'>eius</span> <span class='ocrx_word' id='word_1_348' title='bbox 2531 1227 2807 1296; x_wconf 84' lang='lat' dir='ltr'>praemium</span> 
     </span>
     <span class='ocr_line' id='line_1_55' title="bbox 1744 1316 2806 1379; baseline -0.002 -10"><span class='ocrx_word' id='word_1_349' title='bbox 1744 1317 2113 1370; x_wconf 76' lang='lat' dir='ltr'>inmortalitas</span> <span class='ocrx_word' id='word_1_350' title='bbox 2161 1317 2188 1369; x_wconf 93' lang='lat' dir='ltr'>I</span> <span class='ocrx_word' id='word_1_351' title='bbox 2235 1316 2355 1379; x_wconf 88' lang='grc'>628,</span> <span class='ocrx_word' id='word_1_352' title='bbox 2395 1319 2443 1371; x_wconf 92' lang='grc'>6.</span> <span class='ocrx_word' id='word_1_353' title='bbox 2483 1316 2540 1370; x_wconf 93' lang='grc' dir='ltr'>ΙΙ</span> <span class='ocrx_word' id='word_1_354' title='bbox 2580 1317 2695 1379; x_wconf 87' lang='grc'>131,</span> <span class='ocrx_word' id='word_1_355' title='bbox 2734 1317 2806 1368; x_wconf 87' lang='grc'>17.</span> 
     </span>
     <span class='ocr_line' id='line_1_56' title="bbox 1747 1405 2810 1474; baseline -0.003 -15"><span class='ocrx_word' id='word_1_356' title='bbox 1747 1407 1832 1459; x_wconf 87' lang='grc'>20.</span> <span class='ocrx_word' id='word_1_357' title='bbox 1866 1407 2076 1459; x_wconf 85' lang='lat' dir='ltr'>iustitia</span> <span class='ocrx_word' id='word_1_358' title='bbox 2102 1408 2219 1460; x_wconf 87' lang='lat' dir='ltr'>sola</span> <span class='ocrx_word' id='word_1_359' title='bbox 2246 1405 2453 1458; x_wconf 87' lang='lat' dir='ltr'>homini</span> <span class='ocrx_word' id='word_1_360' title='bbox 2484 1406 2653 1457; x_wconf 88' lang='lat' dir='ltr'>uitam</span> <span class='ocrx_word' id='word_1_361' title='bbox 2679 1405 2810 1474; x_wconf 83' lang='lat' dir='ltr'>parit</span> 
     </span>
     <span class='ocr_line' id='line_1_57' title="bbox 1748 1494 2809 1564; baseline -0.004 -16"><span class='ocrx_word' id='word_1_362' title='bbox 1748 1500 2022 1548; x_wconf 82' lang='lat' dir='ltr'>aeternam</span> <span class='ocrx_word' id='word_1_363' title='bbox 2087 1496 2115 1548; x_wconf 90' lang='grc' dir='ltr'>Ι</span> <span class='ocrx_word' id='word_1_364' title='bbox 2180 1496 2300 1559; x_wconf 85' lang='grc'>628,</span> <span class='ocrx_word' id='word_1_365' title='bbox 2366 1498 2415 1549; x_wconf 91' lang='grc'>6.</span> <span class='ocrx_word' id='word_1_366' title='bbox 2473 1494 2809 1564; x_wconf 87' lang='lat' dir='ltr'>philosophos</span> 
     </span>
     <span class='ocr_line' id='line_1_58' title="bbox 1745 1582 2810 1637; baseline -0.002 0"><span class='ocrx_word' id='word_1_367' title='bbox 1745 1584 2010 1637; x_wconf 84' lang='lat' dir='ltr'>iustitiam</span> <span class='ocrx_word' id='word_1_368' title='bbox 2033 1601 2128 1637; x_wconf 85' lang='lat' dir='ltr'>nec</span> <span class='ocrx_word' id='word_1_369' title='bbox 2149 1584 2392 1637; x_wconf 86' lang='lat' dir='ltr'>inuenire</span> <span class='ocrx_word' id='word_1_370' title='bbox 2421 1601 2518 1636; x_wconf 86' lang='lat' dir='ltr'>nec</span> <span class='ocrx_word' id='word_1_371' title='bbox 2539 1582 2810 1636; x_wconf 87' lang='lat' dir='ltr'>defendere</span> 
     </span>
     <span class='ocr_line' id='line_1_59' title="bbox 1748 1672 2808 1742; baseline 0 -17"><span class='ocrx_word' id='word_1_372' title='bbox 1748 1673 1991 1742; x_wconf 85' lang='lat' dir='ltr'>potuisse</span> <span class='ocrx_word' id='word_1_373' title='bbox 2038 1673 2066 1725; x_wconf 95' lang='lat' dir='ltr'>I</span> <span class='ocrx_word' id='word_1_374' title='bbox 2111 1674 2236 1740; x_wconf 90' lang='grc'>443,</span> <span class='ocrx_word' id='word_1_375' title='bbox 2278 1673 2538 1736; x_wconf 89' lang='grc'>14-449,</span> <span class='ocrx_word' id='word_1_376' title='bbox 2582 1673 2663 1727; x_wconf 92' lang='grc'>11.</span> <span class='ocrx_word' id='word_1_377' title='bbox 2699 1672 2808 1733; x_wconf 89' lang='grc'>503,</span> 
     </span>
     <span class='ocr_line' id='line_1_60' title="bbox 1748 1760 2813 1831; baseline -0.005 -14"><span class='ocrx_word' id='word_1_378' title='bbox 1748 1763 1817 1819; x_wconf 87' lang='grc'>20</span> <span class='ocrx_word' id='word_1_379' title='bbox 1863 1780 1932 1815; x_wconf 82' lang='lat' dir='ltr'>ss,</span> <span class='ocrx_word' id='word_1_380' title='bbox 1983 1780 2075 1815; x_wconf 91' lang='lat' dir='ltr'>cur</span> <span class='ocrx_word' id='word_1_381' title='bbox 2118 1762 2303 1831; x_wconf 85' lang='lat' dir='ltr'>paucis</span> <span class='ocrx_word' id='word_1_382' title='bbox 2351 1760 2639 1830; x_wconf 83' lang='lat' dir='ltr'>adsignata</span> <span class='ocrx_word' id='word_1_383' title='bbox 2681 1761 2749 1813; x_wconf 84' lang='lat' dir='ltr'>sit</span> <span class='ocrx_word' id='word_1_384' title='bbox 2789 1760 2813 1812; x_wconf 95' lang='lat' dir='ltr'>I</span> 
     </span>
     <span class='ocr_line' id='line_1_61' title="bbox 1746 1851 2812 1919; baseline -0.002 -15"><span class='ocrx_word' id='word_1_385' title='bbox 1746 1854 1869 1914; x_wconf 87' lang='lat'>419,</span> <span class='ocrx_word' id='word_1_386' title='bbox 1903 1853 1964 1904; x_wconf 89' lang='grc'>15</span> <span class='ocrx_word' id='word_1_387' title='bbox 1997 1868 2065 1904; x_wconf 89' lang='lat' dir='ltr'>ss.</span> <span class='ocrx_word' id='word_1_388' title='bbox 2095 1851 2362 1903; x_wconf 87' lang='lat' dir='ltr'>iustitiam</span> <span class='ocrx_word' id='word_1_389' title='bbox 2403 1854 2595 1919; x_wconf 87' lang='lat' dir='ltr'>suapte</span> <span class='ocrx_word' id='word_1_390' title='bbox 2634 1853 2812 1903; x_wconf 87' lang='lat' dir='ltr'>natura</span> 
     </span>
     <span class='ocr_line' id='line_1_62' title="bbox 1748 1939 2811 2009; baseline -0.001 -17"><span class='ocrx_word' id='word_1_391' title='bbox 1748 1941 1978 2009; x_wconf 83' lang='lat' dir='ltr'>speciem</span> <span class='ocrx_word' id='word_1_392' title='bbox 2020 1940 2287 2009; x_wconf 86' lang='lat' dir='ltr'>quandam</span> <span class='ocrx_word' id='word_1_393' title='bbox 2327 1939 2599 1992; x_wconf 74' lang='lat' dir='ltr'>stultitiae</span> <span class='ocrx_word' id='word_1_394' title='bbox 2628 1939 2811 1991; x_wconf 89' lang='lat' dir='ltr'>habere</span> 
     </span>
     <span class='ocr_line' id='line_1_63' title="bbox 1746 2028 2810 2093; baseline -0.002 -11"><span class='ocrx_word' id='word_1_395' title='bbox 1746 2029 1772 2081; x_wconf 93' lang='lat'>1</span> <span class='ocrx_word' id='word_1_396' title='bbox 1809 2030 1933 2093; x_wconf 87' lang='lat'>443,</span> <span class='ocrx_word' id='word_1_397' title='bbox 1976 2031 2238 2092; x_wconf 87' lang='lat'>17-460‚</span> <span class='ocrx_word' id='word_1_398' title='bbox 2284 2031 2347 2083; x_wconf 90' lang='grc'>15</span> <span class='ocrx_word' id='word_1_399' title='bbox 2387 2046 2457 2081; x_wconf 84' lang='lat' dir='ltr'>ss.</span> <span class='ocrx_word' id='word_1_400' title='bbox 2487 2028 2606 2092; x_wconf 87' lang='lat'>730,</span> <span class='ocrx_word' id='word_1_401' title='bbox 2650 2030 2711 2081; x_wconf 91' lang='grc'>19</span> <span class='ocrx_word' id='word_1_402' title='bbox 2749 2045 2810 2080; x_wconf 76' lang='lat' dir='ltr'>ss,</span> 
     </span>
     <span class='ocr_line' id='line_1_64' title="bbox 1748 2117 2808 2182; baseline -0.001 -12"><span class='ocrx_word' id='word_1_403' title='bbox 1748 2120 1868 2182; x_wconf 89' lang='lat'>731,</span> <span class='ocrx_word' id='word_1_404' title='bbox 1906 2119 2172 2182; x_wconf 84' lang='grc'>22-733,</span> <span class='ocrx_word' id='word_1_405' title='bbox 2215 2120 2296 2172; x_wconf 90' lang='grc'>19.</span> <span class='ocrx_word' id='word_1_406' title='bbox 2335 2118 2549 2171; x_wconf 89' lang='lat' dir='ltr'>iustitia</span> <span class='ocrx_word' id='word_1_407' title='bbox 2589 2118 2685 2169; x_wconf 90' lang='lat' dir='ltr'>sub</span> <span class='ocrx_word' id='word_1_408' title='bbox 2723 2117 2808 2169; x_wconf 85' lang='lat' dir='ltr'>Sa·</span> 
     </span>
     <span class='ocr_line' id='line_1_65' title="bbox 1747 2205 2811 2269; baseline -0.004 -10"><span class='ocrx_word' id='word_1_409' title='bbox 1747 2210 1904 2259; x_wconf 84' lang='lat' dir='ltr'>turno</span> <span class='ocrx_word' id='word_1_410' title='bbox 1961 2206 2067 2258; x_wconf 87' lang='lat' dir='ltr'>fuit</span> <span class='ocrx_word' id='word_1_411' title='bbox 2122 2208 2178 2259; x_wconf 86' lang='lat' dir='ltr'>in</span> <span class='ocrx_word' id='word_1_412' title='bbox 2233 2210 2377 2259; x_wconf 86' lang='lat' dir='ltr'>terra</span> <span class='ocrx_word' id='word_1_413' title='bbox 2428 2205 2456 2258; x_wconf 98' lang='grc' dir='ltr'>Ι</span> <span class='ocrx_word' id='word_1_414' title='bbox 2506 2207 2592 2269; x_wconf 88' lang='grc'>45,</span> <span class='ocrx_word' id='word_1_415' title='bbox 2647 2207 2726 2259; x_wconf 92' lang='grc'>20.</span> <span class='ocrx_word' id='word_1_416' title='bbox 2763 2205 2811 2256; x_wconf 89' lang='lat' dir='ltr'>in</span> 
     </span>
     <span class='ocr_line' id='line_1_66' title="bbox 1748 2294 2815 2357; baseline -0.002 -10"><span class='ocrx_word' id='word_1_417' title='bbox 1748 2313 1909 2348; x_wconf 85' lang='lat' dir='ltr'>aureo</span> <span class='ocrx_word' id='word_1_418' title='bbox 1950 2295 2164 2347; x_wconf 84' lang='lat' dir='ltr'>saeculo</span> <span class='ocrx_word' id='word_1_419' title='bbox 2212 2295 2320 2348; x_wconf 80' lang='lat' dir='ltr'>fuit</span> <span class='ocrx_word' id='word_1_420' title='bbox 2357 2294 2384 2346; x_wconf 93' lang='lat' dir='ltr'>I</span> <span class='ocrx_word' id='word_1_421' title='bbox 2421 2295 2542 2357; x_wconf 89' lang='lat'>413,</span> <span class='ocrx_word' id='word_1_422' title='bbox 2585 2295 2648 2347; x_wconf 92' lang='grc'>18</span> <span class='ocrx_word' id='word_1_423' title='bbox 2687 2312 2750 2347; x_wconf 86' lang='lat' dir='ltr'>ss.</span> <span class='ocrx_word' id='word_1_424' title='bbox 2787 2311 2815 2345; x_wconf 88' lang='lat' dir='ltr'>a</span> 
     </span>
     <span class='ocr_line' id='line_1_67' title="bbox 1747 2383 2813 2448; baseline -0.001 -12"><span class='ocrx_word' id='word_1_425' title='bbox 1747 2385 1877 2437; x_wconf 87' lang='lat' dir='ltr'>Ioue</span> <span class='ocrx_word' id='word_1_426' title='bbox 1917 2384 2132 2437; x_wconf 88' lang='lat' dir='ltr'>sublata</span> <span class='ocrx_word' id='word_1_427' title='bbox 2169 2384 2196 2436; x_wconf 98' lang='grc' dir='ltr'>Ι</span> <span class='ocrx_word' id='word_1_428' title='bbox 2233 2386 2356 2448; x_wconf 91' lang='grc'>415,</span> <span class='ocrx_word' id='word_1_429' title='bbox 2397 2384 2624 2447; x_wconf 90' lang='grc'>9-418,</span> <span class='ocrx_word' id='word_1_430' title='bbox 2658 2383 2736 2437; x_wconf 92' lang='grc'>18.</span> <span class='ocrx_word' id='word_1_431' title='bbox 2764 2383 2813 2435; x_wconf 92' lang='lat' dir='ltr'>in</span> 
     </span>
     <span class='ocr_line' id='line_1_68' title="bbox 1748 2472 2812 2542; baseline -0.003 -15"><span class='ocrx_word' id='word_1_432' title='bbox 1748 2473 1952 2527; x_wconf 80' lang='lat' dir='ltr'>caelum</span> <span class='ocrx_word' id='word_1_433' title='bbox 2007 2474 2324 2542; x_wconf 87' lang='lat' dir='ltr'>remigrauit</span> <span class='ocrx_word' id='word_1_434' title='bbox 2378 2473 2406 2527; x_wconf 95' lang='grc' dir='ltr'>Ι</span> <span class='ocrx_word' id='word_1_435' title='bbox 2461 2472 2812 2541; x_wconf 82' lang='lat' dir='ltr'>447‚17.fu-</span> 
     </span>
     <span class='ocr_line' id='line_1_69' title="bbox 1749 2564 2814 2633; baseline -0.002 -17"><span class='ocrx_word' id='word_1_436' title='bbox 1749 2567 1879 2632; x_wconf 84' lang='lat' dir='ltr'>gata</span> <span class='ocrx_word' id='word_1_437' title='bbox 1916 2564 2129 2616; x_wconf 85' lang='lat' dir='ltr'>iustitia</span> <span class='ocrx_word' id='word_1_438' title='bbox 2169 2564 2439 2633; x_wconf 85' lang='lat' dir='ltr'>dirempta.</span> <span class='ocrx_word' id='word_1_439' title='bbox 2477 2567 2558 2616; x_wconf 91' lang='lat' dir='ltr'>est</span> <span class='ocrx_word' id='word_1_440' title='bbox 2594 2564 2814 2616; x_wconf 85' lang='lat' dir='ltr'>societas</span> 
     </span>
     <span class='ocr_line' id='line_1_70' title="bbox 1747 2652 2813 2715; baseline -0.003 -10"><span class='ocrx_word' id='word_1_441' title='bbox 1747 2653 1984 2706; x_wconf 86' lang='lat' dir='ltr'>humana</span> <span class='ocrx_word' id='word_1_442' title='bbox 2039 2653 2066 2705; x_wconf 99' lang='grc' dir='ltr'>Ι</span> <span class='ocrx_word' id='word_1_443' title='bbox 2121 2655 2241 2715; x_wconf 90' lang='grc'>416,</span> <span class='ocrx_word' id='word_1_444' title='bbox 2301 2656 2333 2707; x_wconf 90' lang='grc'>5</span> <span class='ocrx_word' id='word_1_445' title='bbox 2391 2671 2461 2708; x_wconf 79' lang='lat' dir='ltr'>sS.</span> <span class='ocrx_word' id='word_1_446' title='bbox 2520 2652 2636 2712; x_wconf 83' lang='lat'>736,</span> <span class='ocrx_word' id='word_1_447' title='bbox 2685 2653 2716 2704; x_wconf 91' lang='grc'>2</span> <span class='ocrx_word' id='word_1_448' title='bbox 2752 2668 2813 2703; x_wconf 82' lang='lat' dir='ltr'>ss,</span> 
     </span>
     <span class='ocr_line' id='line_1_71' title="bbox 1751 2740 2808 2800; baseline -0.003 -5"><span class='ocrx_word' id='word_1_449' title='bbox 1751 2741 1999 2796; x_wconf 87' lang='lat' dir='ltr'>Christus</span> <span class='ocrx_word' id='word_1_450' title='bbox 2054 2742 2321 2794; x_wconf 73' lang='lat' dir='ltr'>iustitiam</span> <span class='ocrx_word' id='word_1_451' title='bbox 2379 2742 2590 2794; x_wconf 84' lang='lat' dir='ltr'>reduxit</span> <span class='ocrx_word' id='word_1_452' title='bbox 2632 2740 2659 2792; x_wconf 94' lang='lat' dir='ltr'>I</span> <span class='ocrx_word' id='word_1_453' title='bbox 2696 2741 2808 2800; x_wconf 84' lang='lat'>419,</span> 
     </span>
     <span class='ocr_line' id='line_1_72' title="bbox 1750 2827 2817 2892; baseline -0.003 -10"><span class='ocrx_word' id='word_1_454' title='bbox 1750 2833 1782 2883; x_wconf 95' lang='grc'>9</span> <span class='ocrx_word' id='word_1_455' title='bbox 1822 2847 1890 2885; x_wconf 90' lang='lat' dir='ltr'>ss.</span> <span class='ocrx_word' id='word_1_456' title='bbox 1933 2831 2052 2892; x_wconf 88' lang='lat'>737,</span> <span class='ocrx_word' id='word_1_457' title='bbox 2093 2831 2142 2884; x_wconf 88' lang='lat'>3.</span> <span class='ocrx_word' id='word_1_458' title='bbox 2201 2830 2414 2882; x_wconf 85' lang='lat' dir='ltr'>iustitia</span> <span class='ocrx_word' id='word_1_459' title='bbox 2463 2831 2519 2881; x_wconf 86' lang='lat' dir='ltr'>et</span> <span class='ocrx_word' id='word_1_460' title='bbox 2554 2828 2758 2880; x_wconf 85' lang='lat' dir='ltr'>utilitas</span> <span class='ocrx_word' id='word_1_461' title='bbox 2791 2827 2817 2879; x_wconf 94' lang='lat' dir='ltr'>I</span> 
     </span>
     <span class='ocr_line' id='line_1_73' title="bbox 1751 2917 2816 2983; baseline -0.006 -10"><span class='ocrx_word' id='word_1_462' title='bbox 1751 2920 1872 2983; x_wconf 88' lang='grc'>510,</span> <span class='ocrx_word' id='word_1_463' title='bbox 1929 2922 1961 2973; x_wconf 89' lang='grc'>5</span> <span class='ocrx_word' id='word_1_464' title='bbox 2019 2936 2088 2972; x_wconf 81' lang='lat' dir='ltr'>ss,</span> <span class='ocrx_word' id='word_1_465' title='bbox 2148 2918 2441 2973; x_wconf 87' lang='lat' dir='ltr'>Carneadis</span> <span class='ocrx_word' id='word_1_466' title='bbox 2500 2918 2563 2970; x_wconf 92' lang='lat' dir='ltr'>de</span> <span class='ocrx_word' id='word_1_467' title='bbox 2615 2917 2816 2969; x_wconf 86' lang='lat' dir='ltr'>iustitia</span> 
     </span>
     <span class='ocr_line' id='line_1_74' title="bbox 1752 3005 2818 3076; baseline -0.006 -15"><span class='ocrx_word' id='word_1_468' title='bbox 1752 3008 2152 3076; x_wconf 84' lang='lat' dir='ltr'>disputationes</span> <span class='ocrx_word' id='word_1_469' title='bbox 2209 3009 2236 3061; x_wconf 99' lang='grc' dir='ltr'>Ι</span> <span class='ocrx_word' id='word_1_470' title='bbox 2270 3007 2415 3067; x_wconf 76' lang='grc'>444,</span> <span class='ocrx_word' id='word_1_471' title='bbox 2475 3006 2731 3066; x_wconf 85' lang='grc'>10-445,</span> <span class='ocrx_word' id='word_1_472' title='bbox 2771 3005 2818 3056; x_wconf 86' lang='grc'>5.</span> 
     </span>
     <span class='ocr_line' id='line_1_75' title="bbox 1749 3090 2814 3161; baseline -0.006 -11"><span class='ocrx_word' id='word_1_473' title='bbox 1749 3099 1872 3161; x_wconf 91' lang='grc'>449,</span> <span class='ocrx_word' id='word_1_474' title='bbox 1917 3098 1998 3150; x_wconf 90' lang='grc'>13.</span> <span class='ocrx_word' id='word_1_475' title='bbox 2038 3097 2161 3158; x_wconf 91' lang='grc'>453,</span> <span class='ocrx_word' id='word_1_476' title='bbox 2204 3098 2252 3149; x_wconf 89' lang='grc'>9.</span> <span class='ocrx_word' id='word_1_477' title='bbox 2291 3097 2415 3159; x_wconf 90' lang='grc'>454,</span> <span class='ocrx_word' id='word_1_478' title='bbox 2459 3096 2541 3147; x_wconf 93' lang='grc'>11.</span> <span class='ocrx_word' id='word_1_479' title='bbox 2579 3094 2700 3155; x_wconf 91' lang='grc'>457,</span> <span class='ocrx_word' id='word_1_480' title='bbox 2739 3090 2814 3144; x_wconf 87' lang='grc'>23.</span> 
     </span>
     <span class='ocr_line' id='line_1_76' title="bbox 1753 3182 2818 3251; baseline -0.008 -11"><span class='ocrx_word' id='word_1_481' title='bbox 1753 3188 1870 3248; x_wconf 88' lang='grc'>730,</span> <span class='ocrx_word' id='word_1_482' title='bbox 1914 3186 1996 3239; x_wconf 94' lang='grc'>10.</span> <span class='ocrx_word' id='word_1_483' title='bbox 2037 3186 2302 3248; x_wconf 89' lang='grc'>21-731,</span> <span class='ocrx_word' id='word_1_484' title='bbox 2341 3185 2428 3239; x_wconf 92' lang='grc'>21.</span> <span class='ocrx_word' id='word_1_485' title='bbox 2469 3182 2760 3251; x_wconf 90' lang='lat' dir='ltr'>disputatio</span> <span class='ocrx_word' id='word_1_486' title='bbox 2790 3195 2818 3231; x_wconf 91' lang='lat' dir='ltr'>a</span> 
     </span>
     <span class='ocr_line' id='line_1_77' title="bbox 1750 3268 2816 3343; baseline -0.008 -16"><span class='ocrx_word' id='word_1_487' title='bbox 1750 3275 1913 3327; x_wconf 86' lang='lat' dir='ltr'>Furio</span> <span class='ocrx_word' id='word_1_488' title='bbox 1946 3274 2088 3343; x_wconf 86' lang='lat' dir='ltr'>apud</span> <span class='ocrx_word' id='word_1_489' title='bbox 2120 3272 2430 3327; x_wconf 82' lang='lat' dir='ltr'>Ciceronem</span> <span class='ocrx_word' id='word_1_490' title='bbox 2460 3271 2565 3340; x_wconf 87' lang='lat' dir='ltr'>(De</span> <span class='ocrx_word' id='word_1_491' title='bbox 2586 3287 2639 3322; x_wconf 87' lang='lat' dir='ltr'>re</span> <span class='ocrx_word' id='word_1_492' title='bbox 2654 3268 2816 3339; x_wconf 89' lang='lat' dir='ltr'>publ.)</span> 
     </span>
     <span class='ocr_line' id='line_1_78' title="bbox 1754 3358 2817 3420; baseline -0.007 -5"><span class='ocrx_word' id='word_1_493' title='bbox 1754 3367 1941 3416; x_wconf 79' lang='lat' dir='ltr'>contra</span> <span class='ocrx_word' id='word_1_494' title='bbox 1985 3362 2252 3414; x_wconf 89' lang='lat' dir='ltr'>iustitiam</span> <span class='ocrx_word' id='word_1_495' title='bbox 2300 3361 2488 3414; x_wconf 80' lang='lat' dir='ltr'>habita,</span> <span class='ocrx_word' id='word_1_496' title='bbox 2536 3360 2563 3412; x_wconf 99' lang='grc' dir='ltr'>Ι</span> <span class='ocrx_word' id='word_1_497' title='bbox 2607 3359 2727 3420; x_wconf 89' lang='grc'>437,</span> <span class='ocrx_word' id='word_1_498' title='bbox 2774 3358 2817 3407; x_wconf 90' lang='grc'>9.</span> 
     </span>
     <span class='ocr_line' id='line_1_79' title="bbox 1751 3446 2820 3505; baseline -0.01 0"><span class='ocrx_word' id='word_1_499' title='bbox 1751 3453 1834 3505; x_wconf 93' lang='lat' dir='ltr'>De</span> <span class='ocrx_word' id='word_1_500' title='bbox 1874 3451 2085 3504; x_wconf 85' lang='lat' dir='ltr'>iustitia</span> <span class='ocrx_word' id='word_1_501' title='bbox 2126 3451 2262 3503; x_wconf 81' lang='lat' dir='ltr'>liber</span> <span class='ocrx_word' id='word_1_502' title='bbox 2309 3448 2357 3500; x_wconf 93' lang='lat' dir='ltr'><em>V</em></span> <span class='ocrx_word' id='word_1_503' title='bbox 2402 3446 2820 3501; x_wconf 74' lang='lat' dir='ltr'>Institutionum</span> 
     </span>
     <span class='ocr_line' id='line_1_80' title="bbox 1752 3541 2183 3608; baseline 0 -15"><span class='ocrx_word' id='word_1_504' title='bbox 1752 3541 2052 3608; x_wconf 76' lang='lat' dir='ltr'>inscriptus</span> <span class='ocrx_word' id='word_1_505' title='bbox 2090 3545 2183 3593; x_wconf 79' lang='lat' dir='ltr'>est.</span> 
     </span>
    </p>
   </div>
   <div class='ocr_carea' id='block_1_10' title="bbox 1681 3622 2821 3697">
    <p class='ocr_par' dir='ltr' id='par_1_10' title="bbox 1681 3622 2821 3697">
     <span class='ocr_line' id='line_1_81' title="bbox 1681 3622 2821 3697; baseline -0.009 -15"><span class='ocrx_word' id='word_1_506' title='bbox 1681 3631 1855 3683; x_wconf 89' lang='lat' dir='ltr'>iustus</span> <span class='ocrx_word' id='word_1_507' title='bbox 1915 3629 2008 3697; x_wconf 87' lang='lat' dir='ltr'>qui</span> <span class='ocrx_word' id='word_1_508' title='bbox 2063 3629 2139 3682; x_wconf 89' lang='lat' dir='ltr'>sit</span> <span class='ocrx_word' id='word_1_509' title='bbox 2192 3630 2220 3682; x_wconf 92' lang='grc' dir='ltr'>Ι</span> <span class='ocrx_word' id='word_1_510' title='bbox 2275 3629 2396 3690; x_wconf 89' lang='grc'>505,</span> <span class='ocrx_word' id='word_1_511' title='bbox 2454 3628 2503 3681; x_wconf 93' lang='grc'>6.</span> <span class='ocrx_word' id='word_1_512' title='bbox 2561 3626 2678 3686; x_wconf 88' lang='grc'>546,</span> <span class='ocrx_word' id='word_1_513' title='bbox 2745 3622 2821 3674; x_wconf 94' lang='grc'>19.</span> 
     </span>
    </p>
   </div>
   <div class='ocr_carea' id='block_1_11' title="bbox 1752 3708 2823 4235">
    <p class='ocr_par' dir='ltr' id='par_1_11' title="bbox 1752 3708 2823 4235">
     <span class='ocr_line' id='line_1_82' title="bbox 1752 3708 2820 3782; baseline -0.012 -9"><span class='ocrx_word' id='word_1_514' title='bbox 1752 3721 1875 3782; x_wconf 88' lang='grc'>555,</span> <span class='ocrx_word' id='word_1_515' title='bbox 1919 3718 2254 3780; x_wconf 88' lang='lat'>14.11105,</span> <span class='ocrx_word' id='word_1_516' title='bbox 2298 3719 2379 3770; x_wconf 92' lang='grc'>17.</span> <span class='ocrx_word' id='word_1_517' title='bbox 2430 3718 2517 3768; x_wconf 89' lang='lat' dir='ltr'>est</span> <span class='ocrx_word' id='word_1_518' title='bbox 2553 3708 2820 3781; x_wconf 86' lang='lat' dir='ltr'>sapiensI</span> 
     </span>
     <span class='ocr_line' id='line_1_83' title="bbox 1753 3799 2820 3874; baseline -0.013 -12"><span class='ocrx_word' id='word_1_519' title='bbox 1753 3810 1874 3873; x_wconf 88' lang='lat'>437,</span> <span class='ocrx_word' id='word_1_520' title='bbox 1926 3811 1954 3862; x_wconf 92' lang='lat'>7</span> <span class='ocrx_word' id='word_1_521' title='bbox 2007 3825 2077 3861; x_wconf 79' lang='lat' dir='ltr'>ss,</span> <span class='ocrx_word' id='word_1_522' title='bbox 2128 3809 2249 3874; x_wconf 90' lang='grc'>732,</span> <span class='ocrx_word' id='word_1_523' title='bbox 2298 3810 2329 3862; x_wconf 90' lang='grc'>6</span> <span class='ocrx_word' id='word_1_524' title='bbox 2379 3824 2447 3860; x_wconf 74' lang='lat' dir='ltr'>ss,</span> <span class='ocrx_word' id='word_1_525' title='bbox 2487 3804 2618 3859; x_wconf 88' lang='lat' dir='ltr'>iusti</span> <span class='ocrx_word' id='word_1_526' title='bbox 2654 3800 2710 3854; x_wconf 92' lang='lat' dir='ltr'>id</span> <span class='ocrx_word' id='word_1_527' title='bbox 2747 3799 2820 3851; x_wconf 83' lang='lat' dir='ltr'>est</span> 
     </span>
     <span class='ocr_line' id='line_1_84' title="bbox 1754 3893 2820 3962; baseline -0.008 -10"><span class='ocrx_word' id='word_1_528' title='bbox 1754 3899 1987 3952; x_wconf 88' lang='lat' dir='ltr'>cultores</span> <span class='ocrx_word' id='word_1_529' title='bbox 2027 3897 2116 3950; x_wconf 91' lang='lat' dir='ltr'>dei</span> <span class='ocrx_word' id='word_1_530' title='bbox 2155 3897 2510 3962; x_wconf 64' lang='lat' dir='ltr'>(Christiano</span> <span class='ocrx_word' id='word_1_531' title='bbox 2542 3895 2569 3947; x_wconf 94' lang='grc' dir='ltr'>Ι</span> <span class='ocrx_word' id='word_1_532' title='bbox 2600 3895 2714 3955; x_wconf 90' lang='grc'>165,</span> <span class='ocrx_word' id='word_1_533' title='bbox 2745 3893 2820 3944; x_wconf 88' lang='grc'>15.</span> 
     </span>
     <span class='ocr_line' id='line_1_85' title="bbox 1754 3980 2820 4057; baseline -0.009 -16"><span class='ocrx_word' id='word_1_534' title='bbox 1754 3989 1896 4057; x_wconf 85' lang='grc'>(158,</span> <span class='ocrx_word' id='word_1_535' title='bbox 1940 3987 2046 4057; x_wconf 89' lang='grc'>17.)</span> <span class='ocrx_word' id='word_1_536' title='bbox 2085 3988 2207 4050; x_wconf 91' lang='grc'>399,</span> <span class='ocrx_word' id='word_1_537' title='bbox 2252 3986 2333 4038; x_wconf 92' lang='grc'>10.</span> <span class='ocrx_word' id='word_1_538' title='bbox 2361 3986 2482 4048; x_wconf 90' lang='grc'>471,</span> <span class='ocrx_word' id='word_1_539' title='bbox 2514 3983 2563 4036; x_wconf 92' lang='grc'>8.</span> <span class='ocrx_word' id='word_1_540' title='bbox 2595 3983 2711 4044; x_wconf 89' lang='grc'>639,</span> <span class='ocrx_word' id='word_1_541' title='bbox 2745 3980 2820 4032; x_wconf 88' lang='grc'>13.</span> 
     </span>
     <span class='ocr_line' id='line_1_86' title="bbox 1755 4067 2823 4142; baseline -0.011 -10"><span class='ocrx_word' id='word_1_542' title='bbox 1755 4078 1877 4142; x_wconf 90' lang='grc'>640,</span> <span class='ocrx_word' id='word_1_543' title='bbox 1922 4079 1967 4131; x_wconf 93' lang='grc'>1.</span> <span class='ocrx_word' id='word_1_544' title='bbox 2006 4079 2056 4130; x_wconf 93' lang='grc'>4.</span> <span class='ocrx_word' id='word_1_545' title='bbox 2099 4077 2219 4140; x_wconf 91' lang='grc'>658,</span> <span class='ocrx_word' id='word_1_546' title='bbox 2273 4076 2353 4128; x_wconf 93' lang='grc'>11.</span> <span class='ocrx_word' id='word_1_547' title='bbox 2404 4075 2527 4137; x_wconf 90' lang='grc'>659,</span> <span class='ocrx_word' id='word_1_548' title='bbox 2567 4073 2614 4125; x_wconf 90' lang='grc'>5.</span> <span class='ocrx_word' id='word_1_549' title='bbox 2656 4070 2734 4123; x_wconf 94' lang='grc'>10.</span> <span class='ocrx_word' id='word_1_550' title='bbox 2771 4067 2823 4121; x_wconf 93' lang='lat' dir='ltr'>II</span> 
     </span>
     <span class='ocr_line' id='line_1_87' title="bbox 1754 4159 2822 4235; baseline -0.009 -15"><span class='ocrx_word' id='word_1_551' title='bbox 1754 4168 1809 4220; x_wconf 88' lang='lat' dir='ltr'>M</span> <span class='ocrx_word' id='word_1_552' title='bbox 1861 4168 1978 4230; x_wconf 89' lang='lat'>173,</span> <span class='ocrx_word' id='word_1_553' title='bbox 2031 4167 2112 4220; x_wconf 86' lang='lat'>13.</span> <span class='ocrx_word' id='word_1_554' title='bbox 2163 4165 2209 4235; x_wconf 90' lang='grc' dir='ltr'>[Ι</span> <span class='ocrx_word' id='word_1_555' title='bbox 2258 4167 2291 4218; x_wconf 92' lang='lat'>4</span> <span class='ocrx_word' id='word_1_556' title='bbox 2340 4165 2463 4219; x_wconf 85' lang='lat' dir='ltr'>adn.</span> <span class='ocrx_word' id='word_1_557' title='bbox 2519 4169 2547 4226; x_wconf 62' lang='lat' dir='ltr'>g</span> <span class='ocrx_word' id='word_1_558' title='bbox 2597 4161 2696 4230; x_wconf 85' lang='lat'>15.]</span> <span class='ocrx_word' id='word_1_559' title='bbox 2754 4159 2822 4211; x_wconf 85' lang='lat' dir='ltr'>al.</span> 
     </span>
    </p>
   </div>
   <div class='ocr_carea' id='block_1_12' title="bbox 1755 4252 2824 4409">
    <p class='ocr_par' dir='ltr' id='par_1_12' title="bbox 1755 4252 2824 4409">
     <span class='ocr_line' id='line_1_88' title="bbox 1757 4252 2819 4325; baseline -0.006 -17"><span class='ocrx_word' id='word_1_560' title='bbox 1757 4259 1883 4310; x_wconf 78' lang='lat' dir='ltr'>item</span> <span class='ocrx_word' id='word_1_561' title='bbox 1948 4257 2122 4309; x_wconf 85' lang='lat' dir='ltr'>iustus</span> <span class='ocrx_word' id='word_1_562' title='bbox 2185 4255 2418 4325; x_wconf 85' lang='lat' dir='ltr'>populus</span> <span class='ocrx_word' id='word_1_563' title='bbox 2484 4253 2512 4306; x_wconf 98' lang='grc' dir='ltr'>Ι</span> <span class='ocrx_word' id='word_1_564' title='bbox 2565 4253 2685 4315; x_wconf 91' lang='grc'>404,</span> <span class='ocrx_word' id='word_1_565' title='bbox 2744 4252 2819 4304; x_wconf 90' lang='lat'>14.</span> 
     </span>
     <span class='ocr_line' id='line_1_89' title="bbox 1755 4345 2824 4409; baseline -0.007 -9"><span class='ocrx_word' id='word_1_566' title='bbox 1755 4347 1874 4409; x_wconf 83' lang='lat'>639,</span> <span class='ocrx_word' id='word_1_567' title='bbox 1916 4347 1963 4399; x_wconf 88' lang='grc'>8.</span> <span class='ocrx_word' id='word_1_568' title='bbox 2003 4346 2060 4398; x_wconf 94' lang='lat' dir='ltr'>II</span> <span class='ocrx_word' id='word_1_569' title='bbox 2112 4345 2166 4397; x_wconf 91' lang='lat' dir='ltr'>M</span> <span class='ocrx_word' id='word_1_570' title='bbox 2227 4346 2343 4407; x_wconf 89' lang='lat'>177,</span> <span class='ocrx_word' id='word_1_571' title='bbox 2403 4345 2450 4397; x_wconf 92' lang='lat'>3.</span> <span class='ocrx_word' id='word_1_572' title='bbox 2509 4346 2684 4398; x_wconf 88' lang='lat' dir='ltr'>iustus</span> <span class='ocrx_word' id='word_1_573' title='bbox 2739 4358 2824 4395; x_wconf 88' lang='lat' dir='ltr'>cur</span> 
     </span>
    </p>
   </div>
  </div>
 </body>
</html>
