3132 5043
287 1620 352 1659 10

278 2153 347 2193 15

1272 434 1485 488 liber
1533 450 1582 490 c.
1623 433 1852 488 50—52.
2571 434 2703 499 237

390 636 726 698 tantarum
772 651 981 697 rerum
1027 629 1315 695 interiret
1361 632 1472 695 aut
1519 628 1574 695 si
1623 629 1767 713 quis
1813 629 2148 694 historiam
2197 630 2468 694 scribere
2523 629 2708 693 uolu-

390 741 579 817 isset,
617 736 784 827 [non]
817 741 1247 822 corrumperet
1281 738 1620 803 ueritatem
1657 737 1766 801 uel
1801 739 2064 819 peccata
2098 736 2355 800 illorum
2396 735 2704 800 aduersus

394 847 590 912 deum
641 847 748 911 uel
792 845 1105 911 iudicium
1154 845 1254 910 dei
1304 846 1615 910 aduersus
1662 845 1811 909 illos
1849 843 2191 910 reticendO.
2287 842 2471 908 cuius
2511 847 2706 908 aeter-

394 973 519 1018 nae
584 952 811 1036 pietati
876 952 1113 1038 gratias
1180 971 1365 1036 agere
1433 951 1762 1029 debemus,
1822 951 1929 1033 qui
1993 949 2247 1014 tandem
2313 949 2588 1032 respexit
2640 950 2704 1013 in

393 1063 656 1137 terram,
708 1058 877 1142 quod
923 1077 1184 1143 gregem
1222 1077 1412 1122 suum
1452 1057 1686 1140 partim
1724 1060 2048 1122 uastatum
2088 1075 2125 1120 a
2161 1056 2330 1138 lupis
2369 1056 2705 1139 rapacibus

2799 845 2836 898 2

391 1166 635 1249 partim
682 1185 833 1231 uero
884 1164 1241 1247 dispersum
1289 1164 1547 1229 reficere
1597 1183 1669 1229 ac
1714 1164 2084 1248 recolligere
2133 1163 2432 1248 dignatus
2471 1165 2570 1227 est
2601 1159 2608 1248 1
2643 1165 2834 1226 etr-1⁶0

391 1272 645 1338 bestias
685 1273 884 1337 malas
924 1271 1254 1354 extirpare,
1294 1290 1455 1353 quae
1496 1270 1697 1336 diuini
1735 1270 1946 1356 gregis
1982 1288 2224 1355 pascua
2258 1269 2704 1354 protriuerant,

396 1379 643 1444 cubilia
698 1378 1183 1461 dissipauerant.
1277 1377 1390 1442 ubi
1447 1381 1600 1442 sunt
1647 1377 1835 1443 modo
1882 1377 2228 1461 magnifica
2272 1376 2383 1440 illa
2430 1379 2494 1441 et
2541 1377 2709 1440 clara

391 1505 517 1569 per
561 1489 782 1570 gentes
828 1484 1158 1551 Iouiorum
1198 1488 1264 1549 et
1296 1484 1747 1550 Herculiorum
1797 1484 2193 1568 cognomina,
2233 1502 2393 1567 quae
2429 1482 2705 1566 primum

397 1612 444 1657 a
488 1593 780 1658 Dioclete
830 1610 903 1656 ac
948 1591 1332 1657 Maximiano
1378 1591 1727 1657 insolenter
1772 1590 2113 1673 adsumpta
2168 1609 2240 1655 ac
2295 1589 2707 1673 postmodum

393 1699 486 1763 ad
534 1717 937 1764 successores
985 1717 1199 1764 eorum
1249 1699 1558 1764 translata
1604 1697 1992 1782 uiguerunt?
2058 1717 2282 1779 nempe
2339 1696 2580 1761 deleuit
2634 1714 2708 1760 ea

393 1805 700 1871 dominus
749 1809 814 1870 et
841 1805 1051 1870 -erasit
1098 1805 1175 1870 de
1221 1808 1409 1871 terra.
1504 1804 1898 1870 celebremus
1936 1803 2135 1888 igitur
2169 1803 2566 1886 triumphurn
2606 1801 2706 1865 dei

392 1932 555 1978 cum
592 1912 996 1991 exultatione,
1024 1911 1361 1977 uictoriam
1401 1911 1642 1977 domini
1681 1930 1827 1975 cum
1864 1910 2165 1976 laudibus
2206 1912 2704 1993 frequentemus,

392 2019 647 2084 diurnis
675 2019 1125 2102 nocturnisque
1154 2018 1451 2101 precibus
1482 2019 1899 2095 celebremus,
1931 2018 2345 2097 celebremus,
2376 2021 2450 2083 ut
2483 2036 2705 2101 pacem

390 2128 558 2209 post
621 2143 814 2190 annos
881 2125 1096 2191 decem
1152 2125 1324 2209 plebi
1381 2144 1534 2191 suae
1584 2126 1797 2190 datam
1854 2125 2180 2190 confirmet
2239 2126 2302 2189 in
2353 2126 2701 2190 saeculum.

360 2238 475 2297 ·tu
525 2232 883 2317 praecipue,
928 2233 1178 2298 Donate
1226 2232 1576 2315 carissime,
1617 2233 1727 2314 qui
1773 2252 1808 2296 3
1858 2233 1972 2297 deo
2021 2233 2280 2297 mereris
2328 2231 2553 2307 audiri,
2594 2230 2700 2296 do-

584 2493 777 2550 LOCI
808 2493 1265 2551 AVCTORVM
1297 2492 1906 2549 EXPILATORVM
1936 2491 2281 2548 SIMILES
2455 2497 2484 2558 ἓ
2520 2494 2576 2562 4]
2630 2492 2699 2548 cf.

386 2583 604 2638 Euseb.
643 2583 708 2637 H.
748 2584 808 2639 Ε.
845 2584 895 2638 Χ
929 2585 982 2648 4,
1021 2585 1089 2638 72
1129 2587 1185 2637 et
1223 2584 1439 2637 omnino
1480 2583 1549 2638 ad
1585 2584 1692 2638 hoc
1726 2582 1984 2636 Mortium
2023 2585 2188 2652 caput
2226 2581 2468 2636 eiusdem
2507 2582 2703 2652 capitis

386 2672 626 2727 Eusebii
663 2674 695 2743 ξ
736 2674 802 2727 14
841 2691 882 2728 s.
921 2674 991 2728 28
1030 2691 1071 2727 s,

478 2850 505 2903 1
547 2849 794 2902 interiret
828 2846 964 2910 Bal,
1003 2847 1226 2901 interire
1269 2846 1318 2900 G
1438 2847 1471 2900 2
1508 2862 1617 2899 non
1655 2846 1758 2899 dcl.
1804 2845 2101 2900 Columbae
2266 2848 2615 2915 corrunperet
2659 2845 2709 2897 (J

384 2939 630 3010 peccata.
681 2936 814 3002 Bal,
872 2939 1058 3006 specta.
1116 2936 1163 2988 (J
1341 2935 1602 2989 aduersus
1657 2935 1900 3004 Lenqlet,
1959 2934 2245 2988 aduersum
2307 2934 2354 2986 (J
2510 2936 2544 2989 3
2603 2934 2699 2988 ad-

384 3037 592 3081 uersus
635 3026 769 3090 Bal,
818 3025 889 3079 ad
936 3041 1120 3079 uersos
1171 3025 1219 3077 (J
1375 3026 1410 3078 4
1456 3024 1654 3094 pietati
1699 3023 1835 3088 Bal,
1882 3024 2106 3094 pietatis
2149 3024 2196 3076 C
2391 3023 2502 3093 qui]
2553 3023 2699 3093 quod

382 3114 709 3171 Heumann
888 3114 922 3167 8
974 3115 1265 3184 magnifica
1308 3113 1441 3177 Bal,
1487 3113 1894 3182 magnificentia
1936 3112 1984 3165 C
2196 3113 2340 3167 clara
2378 3129 2444 3166 ex
2481 3112 2611 3167 dura
2657 3112 2707 3166 (J

390 3204 474 3259 10
511 3208 788 3274 assumpta
830 3204 877 3257 C
1014 3203 1118 3258 hac
1160 3203 1218 3268 C,
1257 3219 1394 3259 corr.
1432 3203 1550 3256 Bal
1678 3203 1741 3256 11
1783 3202 2093 3257 euiluerunt
2126 3202 2434 3256 Heumann
2580 3218 2699 3256 eam

390 3292 468 3358 G,
506 3308 642 3347 corr.
670 3291 790 3346 Bal
899 3293 965 3347 14
1004 3298 1134 3346 ante
1161 3291 1368 3346 diurnis
1398 3291 1664 3345 lacunam
1686 3291 1967 3360 siqnificat
1997 3291 2308 3354 Columba-s,
2342 3300 2467 3353 <ac>
2491 3290 2700 3344 diurnis

381 3380 707 3437 Heumann
887 3380 1217 3435 celebremus
1265 3380 1630 3435 caelebremus
1668 3381 1796 3446 (sic)
1840 3380 1897 3443 C,
1937 3379 2086 3448 qnod
2122 3386 2346 3434 tuentur
2381 3379 2612 3450 Lenqlet
2647 3384 2700 3433 ct

383 3471 674 3534 Duebner,
705 3470 803 3523 alt.
828 3469 928 3523 del.
948 3468 1083 3536 Bal,
1093 3484 1202 3537 pro
1230 3484 1337 3537 quo
1367 3468 1706 3522 obsecremus
1725 3468 2068 3532 Bokerellas‚
2100 3468 2450 3538 deprecemur
2479 3484 2696 3538 anony-

384 3575 592 3629 musp.
615 3562 704 3622 69,
726 3574 848 3612 eum
878 3574 1089 3611 oremus
1105 3556 1424 3621 Heumann,
1442 3558 1552 3610 (οἱ)
1579 3557 1942 3627 supplicemus
1961 3557 2203 3621 Brandt,
2219 3557 2290 3625 cs.
2307 3557 2540 3628 [Lact.]
2553 3557 2697 3611 Inst.

395 3649 539 3702 VII
557 3651 653 3714 27,
684 3651 724 3701 2
761 3647 892 3700 adn.
930 3646 971 3717 5
996 3650 1069 3700 17
1095 3647 1164 3715 (I
1181 3663 1234 3715 p.
1272 3649 1414 3712 668)
1456 3647 1542 3701 cui
1579 3663 1677 3700 nos
1716 3645 2004 3701 cotidianis
2041 3646 2290 3715 precibus
2329 3646 2696 3716 supplicamus

385 3741 466 3792 ut
495 3779 506 3790 .
542 3779 554 3791 .
587 3778 617 3802 .‚
653 3736 861 3791 Euseb.
897 3735 1048 3789 Hist.
1089 3736 1210 3790 eccl.
1242 3736 1303 3788 X
1334 3739 1384 3799 4,
1420 3739 1495 3790 72
1520 3781 1530 3791 .
1564 3776 1578 3788 .
1608 3779 1622 3792 .
1653 3742 1750 3806 τῆς
1788 3733 2058 3806 παρούσης
2095 3734 2437 3806 πανηγύρεως
2473 3733 2563 3787 καὶ
2597 3740 2696 3804 τῆς

384 3824 623 3899 φαιδρᾶς
661 3823 856 3895 ταύτης
892 3824 980 3876 καὶ
1014 3822 1384 3895 λαμπροτάτης
1420 3823 1624 3896 ἡμέρας
1652 3826 1740 3877 τὸν
1780 3819 1939 3875 αἴτιον
1975 3824 2065 3875 καὶ
2099 3821 2527 3894 πανηγυριάρχην
2565 3819 2698 3873 νύκ-

382 3932 526 3981 τωρ
574 3913 680 3966 καὶ
731 3911 1111 3984 μεθημὲραν
1159 3910 1243 3963 διὰ
1288 3910 1463 3983 πάσης
1511 3913 1655 3983 ὥρας
1691 3913 1778 3968 καὶ
1816 3911 1877 3964 δι’
1926 3908 2056 3982 ὅλης
2105 3911 2178 3974 ὡς
2227 3909 2380 3964 εἰπεῖν
2429 3909 2697 3980 ἀναπνοῆς

383 4002 451 4054 ἓν
493 4005 567 4073 νῷ
603 3999 961 4072 προορώμενοι
990 4042 1001 4054 .
1034 4044 1047 4056 .
1076 4042 1090 4053 .
1124 3998 1322 4071 μεγάλῃ
1365 3998 1658 4062 διαθέσεως
1698 4007 1846 4072 φωνῇ
1885 3997 2479 4070 καθικετεύσωμεν,
2518 3996 2592 4058 ὥς
2633 3994 2697 4047 ἄν

384 4089 496 4143 ὑπὸ
548 4089 644 4160 τὴν
693 4087 852 4141 αὐτοῦ
898 4087 1128 4159 μάνδραν
1182 4087 1254 4151 εἰς
1302 4087 1450 4150 τέλος
1496 4087 1640 4160 ἡμᾶς
1689 4086 1957 4148 σκεπάζων
2007 4085 2327 4151 ὃιασωζοιτο,
2383 4085 2498 4157 τὴν
2556 4085 2695 4155 παρ’

384 4176 597 4232 αὖτοῦ
637 4174 982 4246 βραβεύων
1024 4175 1271 4247 ἀρραγῆ
1309 4176 1416 4228 καὶ
1455 4173 1758 4229 ἄσειστον
1798 4172 2064 4229 αἰωνίαν
2103 4174 2370 4248 εἰρήνην
2483 4177 2549 4229 15
2578 4174 2696 4244 plc-

376 4266 481 4321 bis
524 4264 584 4328 C,
623 4281 765 4319 corr.
804 4263 923 4319 Bal
1050 4265 1114 4317 16
1155 4263 1354 4318 donate
1390 4252 1513 4319 k‘me
1557 4264 1606 4317 C
1765 4281 1796 4318 3
1834 4264 1935 4319 deo
1972 4263 2108 4332 Bal,
2146 4265 2281 4321 adeo
2324 4263 2382 4329 C,
2419 4263 2570 4335 quod
2606 4263 2697 4315 de·

363 4354 574 4424 sendit
610 4368 925 4423 anonymus
946 4369 1011 4422 p.
1056 4355 1134 4406 69

2797 1382 2833 1435 3

2796 1809 2833 1862 4
