3132 5043
1119 441 1328 494 liber
1378 460 1419 495 c.
1459 443 1546 495 20.
1587 442 1670 497 21.
2423 447 2544 510 ]97

254 637 521 701 familias
586 635 896 719 ingenuae
964 655 1034 700 ac
1100 637 1344 700 nobiles
1410 637 1471 700 in
1542 656 1927 721 gynaeceum
1992 639 2413 721 rapiebantur.
2492 641 2547 704 si

255 745 389 826 quis
439 747 613 807 esset
659 743 1108 821 uerberandus,
1151 743 1334 806 defixi
1374 744 1436 806 in
1478 744 1729 809 stabulo
1769 744 1897 826 pali
1938 748 2237 826 quattuor
2275 722 2546 825 stabant,

254 851 324 914 ad
382 869 541 931 quos
589 851 804 913 nullus
853 869 1158 931 umquam
1209 870 1433 915 seruus
1484 851 1760 915 distendi
1810 852 2076 915 solebat.
2171 853 2321 934 quid
2377 855 2549 918 luso-
2605 858 2636 909 5

251 957 407 1019 rium
477 957 585 1020 uel
651 957 909 1020 delicias
977 957 1113 1021 eius
1179 958 1489 1021 referam?
1559 959 1835 1022 habebat
1889 978 2072 1024 ursos
2138 960 2410 1024 ferociae
2478 981 2547 1024 ac

204 1064 705 1147 5magnitudinis
765 1084 915 1128 suae
976 1064 1363 1136 simillimos,
1415 1084 1575 1146 quos
1637 1068 1772 1129 toto
1821 1066 2070 1148 imperii
2121 1067 2222 1130 sui
2268 1069 2549 1149 tempore

251 1172 545 1252 elegerat.
616 1171 908 1252 quotiens
976 1170 1278 1234 delectari
1332 1171 1628 1248 libuerat,
1685 1170 1909 1235 horum
1977 1172 2254 1253 aliquem
2323 1172 2550 1237 adferri

249 1278 622 1341 nominatim
678 1278 961 1341 iubebat.
1056 1277 1156 1340 his
1214 1277 1501 1341 homines
1560 1296 1682 1340 non
1741 1279 1926 1359 plane
1986 1278 2375 1355 comedendi,
2439 1278 2550 1343 sed
2607 1285 2638 1336 6

249 1385 625 1449 obsorbendi
693 1384 1202 1448 obiectabantur:
1281 1404 1549 1466 quorum
1618 1386 1791 1448 artus
1861 1403 2006 1448 cum
2072 1384 2548 1466 dissiparentur.

245 1492 487 1554 ridebat
539 1491 925 1555 suauissime
972 1510 1087 1554 nec
1135 1511 1441 1571 umquam
1492 1492 1626 1554 sine
1674 1491 1948 1555 humano
1999 1510 2215 1554 cruore
2267 1492 2548 1555 cenabat.

171 1628 213 1666 ιο
249 1598 622 1681 dignitatem
691 1618 812 1662 non
881 1598 1265 1662 habentibus
1322 1617 1525 1680 poena
1581 1598 1748 1680 ignis
1806 1598 1949 1661 fuit.
2014 1598 2080 1660 id
2128 1597 2297 1661 exitii
2344 1599 2548 1680 primo
2615 1624 2628 1655 ι

246 1706 552 1769 aduersus
614 1706 1009 1770 Christianos
1075 1704 1451 1787 permiserat
1516 1704 1681 1768 datis
1743 1703 2017 1787 legibuS‚
2075 1709 2148 1767 ut
2215 1707 2361 1786 post
2424 1708 2550 1768 tor-

246 1815 452 1876 menta
515 1813 794 1876 damnati
854 1812 1046 1875 lentis
1114 1812 1369 1895 ignibus
1436 1816 1787 1875 urerentur.
1903 1812 2011 1891 qui
2077 1830 2220 1875 cum
2288 1811 2549 1894 deligati
2607 1817 2639 1870 8

243 1920 539 1997 fuissent,
578 1920 968 1983 subdebatur
1007 1919 1209 2000 primo
1249 1918 1520 2000 pedibus
1560 1918 1721 1980 lenis
1760 1918 2015 1980 flamma
2053 1916 2318 1991 tamdiu.
2353 1918 2550 1981 donec

246 2027 477 2090 callum
532 2028 815 2091 solorum
865 2027 1260 2089 contractum
1308 2025 1443 2108 igni
1492 2025 1569 2088 ab
1619 2025 1874 2089 ossibus
1922 2025 2353 2087 reuelleretur.
2450 2024 2550 2086 de·
2607 2032 2639 2083 9

169 2167 211 2204 15
243 2133 382 2196 inde
431 2134 732 2197 incensae
780 2135 951 2197 faces
1005 2135 1068 2196 et
1115 2133 1422 2196 extinctae
1472 2132 1973 2195 admouebantur
2030 2131 2301 2214 singulis
2358 2149 2551 2193 mem-

245 2241 392 2316 briS‚
452 2242 551 2304 ita
616 2243 688 2304 ut
752 2241 934 2304 locus
1002 2240 1219 2303 nullus
1278 2239 1340 2301 in
1402 2258 1656 2319 corpore
1722 2239 2185 2319 relinqueretur
2248 2238 2549 2301 intactus,

249 2351 309 2410 et
360 2349 530 2411 inter
585 2348 740 2410 haec
799 2347 1282 2411 suffundebatur
1336 2346 1532 2409 facies
1591 2365 1755 2427 aqua
1809 2345 2040 2427 frigida
2096 2348 2159 2408 et
2215 2363 2283 2407 os
2332 2363 2550 2407 umore

247 2454 645 2532 abluebatur,
712 2473 789 2516 ne
856 2454 1287 2517 arescentibus
1355 2452 1644 2516 siccitate
1717 2452 2011 2517 faucibus
2086 2451 2211 2515 cito
2288 2451 2550 2534 spiritus

243 2563 643 2626 redderetur:
739 2561 908 2643 quod
954 2564 1272 2644 postremo
1324 2560 1670 2636 accidebat,
1711 2579 1855 2623 cum
1902 2578 2016 2640 per
2059 2560 2330 2622 multum
2384 2558 2548 2621 diem
2573 2566 2638 2618 10

165 2701 209 2738 20
245 2670 507 2733 decocta
568 2668 738 2732 omni
794 2672 938 2732 cute
996 2668 1096 2732 uis
1153 2668 1318 2751 ignis
1387 2667 1464 2730 ad
1502 2667 1755 2731 intima
1820 2666 2072 2730 uiscera
2135 2667 2548 2747 penetrasset.

244 2776 382 2840 hinc
431 2795 594 2859 rogo
644 2775 812 2838 facto
864 2776 1306 2839 cremabantur
1353 2792 1613 2855 corpora
1658 2774 1784 2836 iam
1835 2777 2128 2836 cremata.
2189 2773 2359 2834 lecta
2405 2780 2631 2834 ossall

243 2886 302 2945 et
354 2882 417 2945 in
482 2883 823 2964 puluerem
881 2882 1271 2945 comminuta
1325 2881 1726 2943 iactabantur
1779 2879 1841 2942 in
1900 2879 2165 2942 flumina
2221 2897 2293 2941 ac
2355 2897 2544 2940 mare.

412 3072 624 3126 LOCI
650 3072 1108 3127 AVCTORVM
1138 3070 1752 3125 EXPILATORVM
1784 3069 2130 3124 SIMILES
2201 3086 2244 3122 0.
2267 3071 2350 3131 21,
2374 3070 2405 3121 6
2439 3071 2544 3132 (ar-

240 3161 845 3231 tus—dissiparentur).
891 3164 950 3215 11
994 3162 1159 3231 (lecta
1199 3178 1323 3214 ossa
1362 3161 1523 3230 eqs.)]
1565 3161 1719 3213 Lact.
1758 3160 1895 3215 Inst.
1934 3160 1980 3211 V
2023 3160 2105 3221 11,
2145 3160 2194 3211 6.

311 3306 336 3358 1
376 3269 595 3374 ingunue
638 3304 685 3357 0
853 3303 1135 3371 geniceum
1180 3303 1225 3355 C
1349 3304 1380 3355 2
1421 3305 1653 3371 quatuor
1696 3302 1742 3355 C
1864 3303 1898 3354 4
1937 3301 2371 3354 ferociae—suae
2408 3302 2543 3366 Bal,

238 3392 436 3447 ferocia
485 3410 551 3447 ac
599 3392 994 3461 magnitudinis
1042 3408 1135 3444 sue
1189 3392 1256 3457 0‚·
1311 3392 1514 3444 ferocia
1562 3408 1625 3443 ac
1672 3390 2049 3459 magnitudine
2099 3392 2180 3442 sui
2240 3390 2542 3442 simillimos

241 3498 556 3552 anonymus
584 3499 646 3549 p.
682 3485 776 3548 48,
813 3482 939 3533 item
975 3481 1279 3546 Bentleiu8‚
1308 3480 1540 3533 ferociae
1573 3497 1633 3532 ac
1661 3479 2030 3547 magnitudini
2062 3496 2188 3532 suae
2212 3478 2547 3544 Heumann,-

230 3588 332 3638 pro
370 3570 776 3640 magnitudinis
815 3571 955 3623 coni.
994 3569 1332 3622 fortitudinis
1371 3574 1492 3622 ‘aut
1526 3569 1666 3622 sim?
1703 3569 1944 3634 Cramer,
1982 3570 2057 3621 In
2083 3569 2379 3621 quenalis
2404 3568 2540 3620 sati-

239 3677 331 3713 ras
379 3660 768 3714 commentarii
810 3659 1016 3712 uetusti
1061 3661 1269 3725 (1823)
1309 3676 1370 3726 p.
1417 3662 1533 3712 625
1583 3658 1662 3711 ad
1690 3676 1747 3725 p.
1787 3661 1912 3722 139,
1951 3661 2047 3723 25,
2084 3657 2181 3709 sed
2217 3658 2284 3723 cf.
2326 3672 2367 3709 0.
2414 3659 2464 3722 9,
2507 3660 2542 3709 3

239 3749 268 3801 6
307 3749 631 3818 conlegerat
671 3749 949 3816 (elegerat)
992 3748 1170 3801 Halm
1295 3747 1327 3801 8
1368 3747 1693 3800 absorbendi
1738 3747 2032 3801 Columbus
2156 3747 2188 3799 9
2229 3746 2539 3798 saeuissime

242 3837 468 3891 Cramer
496 3856 563 3906 p.
604 3839 717 3889 139
752 3853 793 3892 ε.
910 3838 977 3890 10
1014 3837 1071 3889 id
1111 3838 1258 3889 exitii
1300 3837 1422 3890 Nic.
1455 3836 1724 3889 Heinsius
1762 3839 1844 3902 (et
1874 3836 2022 3889 exitii
2050 3836 2166 3887 iam
2202 3834 2542 3901 Columbus),

239 3929 291 3978 et
329 3926 477 3980 exilii
516 3926 592 3993 0,·
630 3930 686 3979 et
723 3926 1020 3993 exemplum
1051 3926 1393 3991 Boherellus,
1426 3929 1481 3978 et
1512 3926 1663 3978 illam
1703 3924 1942 3989 Tollius;
1971 3931 2026 3976 et
2057 3924 2243 3977 eculei.
2283 3924 2339 3976 id
2367 3924 2539 3993 primo
2602 3951 2612 3960 ·

238 4015 398 4082 Ellis,
437 4015 646 4070 Journ.
689 4016 757 4082 of
776 4015 974 4083 philol.
1013 4015 1124 4068 uol.
1165 4014 1322 4067 XIV
1358 4019 1438 4068 88
1549 4015 1610 4067 11
1654 4018 1954 4081 promserat
1992 4013 2270 4066 Graeuius
2411 4012 2539 4065 latis

243 4102 525 4157 Graeuius
644 4104 705 4156 12
745 4102 986 4173 delegati
1021 4103 1068 4156 C
1176 4104 1240 4157 13
1279 4102 1643 4156 subdebantur
1674 4106 1733 4169 (n
1764 4106 1862 4168 er.)
1901 4102 1947 4154 0
2054 4103 2118 4154 14
2157 4101 2540 4154 reuellerefftur

242 4196 296 4256 (n
327 4198 428 4260 er.)
468 4193 517 4245 Ο
633 4193 697 4245 17
736 4193 959 4245 humore
997 4192 1043 4244 C
1151 4193 1214 4245 19
1254 4191 1546 4245 accedebat
1582 4192 1639 4257 0,
1669 4208 1805 4245 corr.
1838 4191 1954 4243 Bal
2097 4207 2217 4244 cum
2247 4190 2327 4243 ed.
2366 4189 2536 4243 Oxou.

237 4284 404 4349 1680,
424 4284 558 4337 item
578 4282 885 4346 Bentleius,
904 4286 1033 4334 tunc
1060 4280 1106 4334 G
1200 4282 1268 4334 22
1301 4285 1355 4334 et
1376 4281 1457 4334 bis
1481 4280 1528 4333 C
1641 4280 1862 4333 flumina
1891 4280 2200 4345 C'olumbuS,
2221 4279 2347 4331 item
2366 4278 2537 4330 Bent-

240 4370 391 4436 leius,
418 4371 646 4424 flumine
674 4370 745 4437 C,-
771 4369 970 4422 flumen
999 4369 1302 4425 Heumann
1310 4389 1329 4436 ;
1357 4370 1426 4437 cf.
1449 4370 1663 4438 Proley.
1689 4368 1820 4421 adn.
1848 4372 1882 4421 6
2004 4369 2087 4437 ac]
2122 4370 2216 4420 aut
2237 4368 2538 4420 Heumann
