3132 5043
532 427 658 490 186
1072 424 1173 476 De
1229 421 1619 476 mortibus
1676 428 2277 493 persecutorum

529 636 670 682 esse
729 620 1130 696 censuerunt,
1189 622 1252 683 et
1308 619 1417 701 qui
1483 619 1668 683 aliter
1732 620 2108 696 sentiebant,
2166 619 2490 684 intellecta
2554 620 2822 683 hominis

529 726 862 789 uoluntate
909 726 1015 788 uel
1061 726 1512 794 timente8.uel
1561 726 1904 809 gratificari
1951 727 2241 791 uolentes
2280 727 2343 791 in
2385 727 2646 790 eandem
2693 747 2826 791 sen-

442 837 473 888 7
532 832 796 895 tentiam
844 836 1285 916 congruerunt.
1379 852 1495 897 nec
1542 833 1635 897 sic
1686 833 1943 914 quidem
1981 833 2178 897 flexus
2220 836 2320 897 est
2355 833 2718 915 imperator,
2756 836 2828 897 ut

533 938 1039 1002 accommodaret
1095 958 1449 1015 assensum,
1500 939 1612 1003 sed
1671 940 1821 1004 deos
1869 940 2279 1020 potissimum
2331 942 2661 1004 consulere
2709 943 2826 1003 sta-

530 1043 660 1108 tuit
723 1045 1024 1127 misitque
1094 1047 1449 1128 aruspicem
1515 1048 1594 1111 ad
1658 1047 2022 1128 Apollinem
2087 1047 2437 1113 Milesium.
2504 1047 2829 1129 respondit
2884 1069 2909 1109 5

442 1155 475 1207 8
533 1152 641 1216 ille
706 1154 781 1215 ut
846 1153 1096 1217 diuinae
1162 1153 1491 1237 religionis
1558 1154 1877 1218 inimicuS.
1971 1155 2304 1218 traductus
2373 1158 2471 1218 est
2525 1154 2739 1233 itaque
2797 1171 2829 1215 a

530 1259 859 1340 proposito
900 1263 964 1324 et
1002 1260 1302 1341 quoniam
1350 1280 1462 1324 nec
1513 1260 1735 1326 amicis
1783 1280 1896 1325 nec
1948 1260 2200 1328 Caesari
2249 1280 2362 1324 nec
2398 1260 2680 1343 Apollini
2726 1280 2829 1341 po·

532 1368 696 1429 terat
739 1366 1060 1442 reluctari,
1112 1367 1272 1431 hanc
1318 1367 1819 1431 moderationem
1866 1371 2080 1431 tenere
2120 1371 2384 1432 conatus
2425 1370 2544 1443 est,
2582 1370 2658 1430 ut
2696 1384 2829 1428 eam

531 1490 663 1534 rem
713 1471 846 1534 sine
895 1473 1204 1555 sanguine
1251 1472 1520 1556 transigi
1565 1473 1834 1552 iuberet,
1886 1492 2029 1536 cum
2080 1472 2310 1538 Caesar
2344 1473 2532 1536 uiuos
2573 1471 2830 1536 creman‘

533 1578 731 1641 uellet
778 1579 887 1659 qui
936 1579 1242 1644 sacrificio
1290 1583 1776 1663 repugnassent.
2868 1600 2912 1638 ιο

448 1689 475 1742 1
628 1687 730 1751 12.
823 1686 1173 1767 Inquiritur
1216 1686 1609 1769 peragendae
1656 1686 1747 1749 rei
1795 1686 1928 1751 dies
1978 1690 2164 1769 aptus
2214 1691 2277 1750 et
2320 1686 2472 1750 felix
2519 1706 2592 1751 ac
2637 1687 2830 1770 potis·

536 1795 768 1860 simum
816 1793 1195 1857 Terminalia
1252 1792 1641 1876 deliguntur,
1691 1812 1850 1875 quae
1908 1797 2060 1857 sunt
2106 1813 2159 1857 a.
2211 1792 2266 1859 d.
2316 1794 2658 1874 septimum
2709 1794 2831 1857 Ka-

533 1901 752 1965 lendas
798 1900 1084 1977 MartiaS,
1134 1903 1208 1963 ut
1256 1901 1438 1982 quasi
1486 1899 1796 1964 terminus
1844 1900 2272 1982 imponeretur
2317 1902 2468 1964 huic
2518 1901 2832 1985 religioni.

624 2008 774 2071 ille
837 2007 1011 2071 dies
1073 2006 1383 2088 primus
1444 2007 1600 2071 leti
1658 2007 2135 2088 primusque
2194 2007 2586 2072 malorum

628 2134 874 2178 causa
932 2112 1126 2178 fuit:
2870 2134 2915 2174 ιε»

448 2224 481 2276 2
541 2242 699 2304 quae
748 2225 813 2286 et
855 2222 1013 2303 ipsis
1065 2226 1127 2285 et
1175 2221 1310 2285 orbi
1357 2224 1668 2284 terrarum
1708 2220 2092 2286 acciderunt.
2187 2221 2296 2303 qui
2335 2221 2469 2285 dies
2510 2239 2656 2284 cum
2692 2221 2833 2284 illu-

535 2330 736 2394 xisset
800 2329 1135 2413 agentibus
1202 2327 1607 2391 consulatum
1683 2327 1939 2391 senibus
2015 2328 2323 2392 ambobus
2400 2331 2699 2391 octauum
2775 2332 2835 2391 et

540 2438 904 2519 septimum,
953 2438 1207 2517 repente
1265 2434 1470 2500 adhuc
1528 2434 1723 2497 dubia
1775 2434 1918 2497 luce
1968 2434 2046 2497 ad
2094 2434 2429 2498 ecclesiam
2477 2435 2834 2516 praefectus

542 2563 688 2608 cum
736 2543 1007 2607 ducibus
1058 2546 1121 2606 et
1166 2543 1440 2607 tribunis
1490 2545 1554 2605 et
1600 2541 2017 2606 rationalibus
2065 2542 2241 2606 uenit
2280 2545 2344 2605 et
2380 2541 2656 2605 reuulsis
2694 2541 2834 2605 fori·
2936 2574 2943 2581 ·

539 2652 660 2715 bus
699 2650 1109 2714 simulacrum
1152 2650 1253 2713 dei
1293 2649 1643 2731 quaeritur:
1687 2648 2036 2730 scripturae
2073 2652 2356 2730 repertae
2394 2647 2833 2724 incenduntur,
2869 2669 2919 2708 20
2985 2651 2990 2658 “

471 2758 502 2810 3
543 2758 728 2821 datur
784 2757 1077 2821 omnibus
1133 2757 1382 2839 praeda,
1440 2756 1702 2836 rapitur,
1769 2755 2138 2836 trepidatur,
2208 2755 2602 2819 discurritur.
2714 2753 2836 2836 ipsi

369 2885 450 2920 ω»
543 2883 692 2927 uero
740 2863 804 2926 in
845 2863 1120 2945 speculis
1156 2901 1243 2908 —-
1280 2862 1342 2925 in
1383 2863 1510 2926 alto
1546 2859 1551 2948 Ι
1592 2861 1757 2925 enim
1797 2863 2148 2926 constituta
2187 2862 2456 2926 ecclesia
2494 2881 2564 2926 ex
2600 2860 2834 2942 palatio

544 2970 883 3035 uidebatur
929 3007 1016 3016 -
1064 2969 1172 3033 diu
1228 2969 1392 3033 inter
1447 2988 1514 3032 se
1574 2970 2040 3047 concertabant,
2089 2971 2304 3032 utrum
2364 2969 2579 3052 ignem
2626 2967 2836 3050 potius

455 3080 488 3129 4
547 3077 816 3160 supponi
885 3079 1221 3158 oporteret.
1331 3075 1493 3140 uicit
1556 3076 1869 3140 sententia
1931 3075 2374 3140 Diocletianus
2443 3094 2695 3150 cauenS,
2761 3093 2835 3137 ne

546 3201 775 3266 magno
814 3181 1101 3245 incendio
1141 3182 1308 3245 facto
1350 3201 1493 3263 pars
1532 3181 1746 3263 aliqua
1784 3182 2065 3247 ciuitatis
2106 3182 2368 3245 arderet.
2417 3201 2560 3244 nam
2599 3186 2836 3247 multae
2872 3199 2921 3237 2⁵

458 3306 489 3357 5
548 3309 619 3354 ac
665 3308 932 3372 magnae
981 3288 1207 3352 domus
1258 3288 1333 3351 ab
1383 3288 1554 3352 omni
1598 3292 1775 3370 parte
1823 3288 2180 3371 cingebant.
2271 3287 2613 3352 ueniebant
2644 3288 2839 3371 igitur

727 3496 928 3550 LOCI
955 3496 1419 3551 AVCTORVM
1449 3496 1757 3550 EXPILA
1775 3496 2059 3552 TORVM
2091 3496 2435 3583 SIMILES
2506 3499 2573 3551 14
2610 3498 2676 3566 S.]
2708 3497 2837 3550 Ver-

549 3587 643 3656 gil.
682 3587 814 3639 Aen.
854 3585 929 3637 IV
972 3587 1072 3639 169
1112 3594 1177 3638 ss

624 3710 649 3764 1
695 3709 786 3778 qui
825 3710 984 3762 aliter
1028 3709 1145 3762 Bal
1192 3710 1281 3775 (in
1326 3709 1575 3776 Erratis,
1614 3717 1742 3778 post
1787 3711 2077 3779 Iudicem),
2127 3712 2361 3782 qualiter
2418 3712 2464 3765 G
2694 3713 2727 3764 3
2775 3728 2839 3763 ne

552 3798 862 3865 Columbus',
898 3798 1027 3850 item
1063 3798 1351 3852 Bentleius
1495 3801 1526 3853 5
1579 3801 1840 3869 respondt
1887 3803 1933 3854 Ο
1970 3803 2124 3867 (item
2167 3818 2210 3854 c.
2248 3806 2335 3868 18,
2386 3804 2446 3868 5)
2576 3802 2641 3855 10
2681 3800 2841 3854 sacri-

550 3887 672 3940 ficio
710 3887 843 3953 Bal,
883 3887 1200 3940 sacrificium
1247 3888 1319 3954 0,·
1355 3888 1677 3942 sacrificium
1713 3890 2091 3958 repudiassent
2132 3890 2530 3944 GLaubmann
2643 3891 2711 3943 12
2750 3890 2840 3943 de-

552 3977 810 4044 leguntur
866 3975 912 4028 0
1124 3992 1170 4031 a.
1221 3976 1272 4032 d.
1326 3978 1588 4046 asperus,
1636 3978 1706 4031 ad
1759 3979 1830 4046 0;
1878 3980 1956 4033 ad
2003 3980 2150 4047 quod
2192 3980 2479 4032 Bentleius
2525 3982 2651 4032 ante
2701 3979 2843 4032 diem

554 4065 782 4132 ascripS.
926 4064 990 4117 kl
1017 4064 1148 4120 mis,
1194 4065 1240 4117 G
1356 4066 1421 4120 13
1458 4070 1770 4134 Iponeretur
1813 4066 1860 4120 0
1981 4069 2046 4120 14
2082 4068 2218 4120 loeti
2262 4067 2308 4120 0
2435 4067 2499 4120 18
2539 4068 2843 4138 praefectus

554 4154 819 4222 Cuperus,
855 4154 982 4206 ite-m
1018 4153 1322 4221 Bentleius,
1360 4154 1635 4224 profectus
1680 4156 1726 4208 G
1847 4157 1912 4210 21
1953 4157 2061 4226 ipsi
2096 4158 2230 4224 Bal,
2269 4157 2401 4226 ipsis
2447 4156 2494 4210 0
2609 4159 2678 4211 22
2718 4174 2843 4210 con-

555 4242 777 4296 stituta*
816 4243 872 4309 (c
907 4242 999 4295 uel
1037 4260 1065 4295 e
1105 4247 1204 4310 er.)
1251 4242 1298 4296 0
1474 4244 1542 4297 24
1582 4244 1811 4313 subponi
1855 4245 1902 4298 0
2078 4246 2411 4300 sentenciam
2455 4246 2515 4312 (J,
2554 4262 2691 4302 corr.
2729 4246 2848 4299 Bal

558 4331 635 4384 ad
669 4331 1044 4384 Diocletianus
1080 4331 1369 4386 Bentleius
1405 4333 1520 4386 NB.
1558 4333 1618 4386 ni
1653 4334 1716 4387 in
1753 4351 1923 4403 mar-9.
