3132 5043
837 466 1243 518 rerumque
1301 451 2001 519 grammaticarum.
2471 455 2599 518 513

270 644 566 716 profundus:
608 642 910 714 profundae
939 643 1282 711 ignorantiae
1311 645 1393 694 te·
1419 642 1427 713 Ι
1450 641 1754 712 prominere
1795 660 1856 696 ex
1884 644 1940 696 ΙΙ
1967 645 2051 709 25,
2083 646 2130 698 5.
2159 645 2432 713 prominet
2455 645 2600 699 foras

332 734 517 786 nebrae
568 733 596 785 Ι
647 734 770 796 239,
826 734 906 787 15.
960 732 1014 784 in
1072 730 1396 800 profundum
1520 732 1733 785 iustitia
1770 731 1797 784 Ι
1838 733 1957 800 730,
2000 735 2044 786 1.

333 822 469 874 abire
505 821 533 873 Ι
570 822 692 883 253,
737 822 785 873 1.
824 820 947 883 589,
985 821 1036 873 4.
1450 821 1715 888 promisce
1763 820 1790 872 I
1841 822 1926 885 63,
1980 823 2031 878 3.
2085 823 2171 883 76,
2225 823 2293 877 25
2347 827 2599 890 (utroque

266 909 485 979 profusio
527 910 641 962 uini
681 909 702 961 1
741 910 863 971 480,
903 910 952 963 3.
1523 909 1641 962 loco
1680 926 1829 962 -scue
1867 910 1948 977 S).

266 998 454 1068 profusi
490 998 681 1051 dentes
720 997 776 1051 ΙΙ
806 998 891 1059 21,
922 998 1006 1051 20.
1047 996 1296 1067 profusus
1329 1021 1394 1040 =
1451 998 1782 1066 promiscuus
1822 997 1850 1051 I
1888 999 2009 1063 249,
2053 999 2135 1052 18.

327 1085 575 1156 prodigus
614 1086 669 1139 11
707 1085 765 1138 Μ
801 1085 922 1147 227,
966 1086 1045 1138 14.
1450 1089 1596 1138 terra
1634 1086 2006 1153 promissionis
2045 1088 2070 1140 Ι
2110 1087 2232 1150 347,
2272 1089 2320 1142 5.

264 1175 535 1244 progenies
573 1174 600 1227 Ι
640 1176 724 1237 30,
766 1176 814 1228 5.
857 1175 940 1236 70,
971 1176 1019 1229 5.
1056 1175 1180 1237 464,
1214 1176 1295 1228 11.
1330 1175 1394 1227 de
1453 1176 1685 1242 promoti
1733 1178 1922 1243 (yenus
1964 1176 2224 1241 militum)
2273 1176 2330 1229 II
2375 1177 2429 1228 M
2475 1177 2599 1238 220,

325 1263 574 1331 progenie
604 1262 844 1325 Atlantis
882 1262 909 1315 1
937 1264 1023 1325 46,
1055 1263 1140 1318 27.
1182 1278 1287 1315 una
1317 1279 1392 1331 pr.
1527 1263 1617 1327 17;
1657 1263 1726 1329 cf.
1768 1264 1900 1319 adn.
1941 1266 2061 1317 crit.

326 1351 351 1403 Ι
390 1352 505 1414 146,
544 1352 630 1405 23.
663 1352 814 1419 plur.
847 1351 898 1403 11
931 1352 1015 1414 96,
1050 1351 1130 1404 10.
1161 1367 1258 1420 per
1285 1351 1392 1403 sin·
1451 1368 1767 1421 promouere
1804 1353 2069 1406 intrans:
2111 1354 2382 1422 promouit
2427 1355 2598 1407 Hera-

327 1440 476 1509 gulas
513 1442 801 1510 progenies
839 1441 866 1493 I
909 1441 1026 1503 160,
1068 1441 1153 1493 22.
1524 1440 1692 1493 oleam
1758 1440 1813 1493 ΙΙ
1863 1443 1919 1495 Μ
1972 1443 2093 1504 225,
2147 1444 2227 1495 17.
2268 1467 2334 1488 =
2376 1441 2598 1510 adsequi

262 1529 570 1597 progignere
609 1529 637 1582 I
675 1530 794 1584 712.
839 1529 919 1582 19.
1522 1529 1547 1581 Ι
1579 1529 1697 1583 728.
1733 1530 1823 1583 11.’
1856 1529 1984 1598 quid
2021 1532 2294 1599 promouit
2332 1530 2599 1584 Arcesilas

265 1618 612 1686 [programma
649 1616 703 1670 11
740 1602 955 1685 M‘233,
998 1618 1102 1686 13.]
1522 1619 1628 1670 nisi
1682 1618 1826 1688 quod
1878 1620 1905 1673 Ι
1959 1621 2075 1683 187,
2134 1621 2180 1675 7.
2239 1620 2377 1672 nihil
2431 1620 2487 1672 Il
2543 1619 2600 1672 M

260 1707 529 1775 prohibere
588 1707 809 1774 aliquid
858 1732 925 1751 =
979 1710 1163 1760 uetare
1208 1707 1235 1759 I
1274 1707 1392 1769 558,
1523 1708 1646 1769 211,
1686 1709 1733 1761 3.

328 1796 403 1848 17.
458 1795 695 1863 aliquem
749 1796 944 1862 aliqua
995 1812 1054 1849 re
1104 1796 1131 1849 Ι
1183 1796 1304 1856 584,
1342 1799 1393 1849 4.
1453 1800 1699 1865 prompte
1748 1796 1804 1850 II
1856 1798 1939 1859 63,
1994 1798 2042 1850 7.
2097 1798 2163 1864 cf.
2223 1795 2331 1866 (eo)
2385 1795 2599 1863 quidem

323 1886 439 1941 613.
478 1884 562 1938 26.
604 1900 635 1936 a
671 1884 725 1936 ΙΙ
762 1884 819 1936 Μ
862 1886 980 1949 185,
1026 1887 1105 1939 15.
1146 1902 1188 1940 e.
1228 1885 1392 1953 infin.
1523 1886 1845 1955 (promptius
1887 1885 2069 1953 quod).

322 1973 347 2024 I
394 1974 511 2035 744,
565 1974 646 2026 14.
695 1973 751 2026 ΙΙ
803 1974 920 2034 121,
960 1975 1044 2027 22.
1097 1975 1215 2036 122,
1257 1975 1303 2027 2.
1346 1974 1392 2025 3.
1454 1974 1821 2043 promptuaria
1858 1974 1885 2027 Ι
1921 1976 2046 2037 415,
2085 1975 2134 2027 6.

292 2066 362 2113 ὀ.
403 2077 515 2114 ace.
557 2066 608 2114 et
642 2063 745 2129 ins.
787 2061 814 2114 Ι
858 2064 973 2125 162,
1014 2065 1098 2118 23.
1148 2064 1269 2128 558,
1312 2064 1392 2115 12.
1451 2064 1756 2131 promptus:
1809 2063 2108 2131 promptius
2162 2066 2244 2115 est
2295 2077 2337 2117 c.
2388 2062 2491 2128 inf.
2543 2061 2600 2114 H

257 2149 507 2217 proicere:
567 2150 811 2219 proiecta
867 2152 921 2204 in
976 2152 1198 2204 humum
1256 2151 1393 2216 (ani-
1526 2151 1609 2213 77,
1659 2153 1706 2205 6.
1775 2152 1947 2204 cuiuis
1999 2144 2473 2220 promptissimum
2519 2153 2600 2202 est

320 2239 496 2300 malia,
539 2240 606 2293 de
631 2240 822 2309 fiyura
861 2241 1064 2309 eorum)
1103 2241 1158 2293 11
1196 2242 1393 2302 27,17.
1523 2256 1564 2291 c.
1605 2238 1711 2306 ins.
1751 2239 1778 2291 I
1818 2240 1901 2300 50,
1943 2239 1991 2292 5.

319 2328 441 2380 item
479 2329 533 2380 in
572 2333 769 2381 terram
814 2332 931 2382 toto
982 2333 1037 2382 et
1083 2346 1302 2398 corpore
1343 2332 1397 2382 et
1452 2329 1505 2380 in
1560 2332 1810 2398 promptu
1860 2326 1917 2379 id
1969 2328 2112 2380 iacet
2148 2325 2176 2378 I
2217 2326 2334 2387 197,
2374 2326 2458 2378 21.
2515 2329 2600 2377 est

321 2434 406 2469 ore
444 2417 717 2486 proiectus
754 2417 782 2469 Ι
819 2418 940 2480 348,
989 2418 1037 2471 8.
1086 2418 1397 2488 philosophi
1523 2419 1784 2485 quantum
1825 2415 2008 2469 ualeat
2044 2414 2070 2466 Ι
2111 2415 2231 2480 724,
2271 2414 2357 2468 25.

319 2506 546 2573 proiecti
572 2506 629 2560 in
659 2510 853 2560 terram
879 2507 1066 2561 diuina
1093 2508 1393 2577 ignorando
1450 2505 1749 2576 promuscis
1789 2504 1856 2571 ef.
1896 2503 2189 2573 probosciS.

319 2594 343 2646 I
379 2595 501 2659 201,
549 2596 630 2652 18.
669 2598 848 2650 furore
886 2598 1126 2667 proiecto
1169 2607 1259 2664 (=
1300 2597 1392 2651 ab·
1452 2612 1717 2664 pronepos
1754 2594 1782 2647 I
1821 2595 1906 2658 93,
1946 2596 1994 2647 9.
2039 2593 2118 2646 13.

316 2683 479 2751 iecto)
522 2685 549 2738 1
588 2686 672 2748 69,
715 2688 795 2740 16.
1441 2700 1749 2752 pronomen
1787 2681 1856 2749 cf.
1894 2682 1984 2735 hie
2021 2681 2114 2734 ille
2154 2682 2199 2735 is
2245 2681 2350 2734 iste
2390 2680 2482 2748 qui
2522 2680 2597 2733 al.

254 2772 468 2840 proinde
509 2773 537 2826 Ι
575 2775 694 2835 669,
738 2776 783 2827 1.
834 2776 953 2839 761,
992 2779 1041 2832 5.
1089 2776 1146 2829 II
1186 2778 1303 2838 132,
1347 2778 1392 2830 1.
1522 2777 1573 2825 et
1609 2772 2124 2825 ‘demonstratiuum
2161 2768 2485 2837 refleoeiuum
2519 2786 2600 2821 re-

250 2861 456 2926 prolabi
498 2861 568 2915 ad
606 2863 962 2917 deliramenta
998 2865 1024 2918 1
1062 2867 1183 2928 611,
1224 2866 1307 2919 20.
1523 2861 1764 2914 latinum
1801 2851 2168 2928 reciprocum⁴.

253 2949 476 3016 prolatio
518 2953 667 3005 uocis
707 2953 729 3004 I
769 2954 891 3016 297,
936 2956 1016 3008 17.
1452 2951 1797 3020 pronuntiare
1846 2950 1872 3002 I
1925 2950 2042 3011 106,
2094 2949 2178 3001 22.
2232 2948 2349 3011 189,
2386 2949 2436 3000 4.
2476 2947 2598 3008 610,

243 3039 536 3107 prolepsis:
609 3041 791 3107 (huius
857 3043 984 3096 libri
1048 3061 1244 3097 munus
1312 3050 1394 3097 est
1524 3042 1608 3093 14.
1659 3040 1781 3102 624,
1830 3040 1878 3092 3.
1925 3040 2045 3102 717,
2097 3040 2145 3092 6.
2194 3037 2249 3091 II
2301 3037 2386 3100 83,
2440 3037 2489 3090 3.
2544 3037 2598 3089 M

314 3127 716 3198 philosophiam
808 3149 1018 3202 quoque
1111 3132 1392 3186 ostendere
1525 3130 1642 3190 175,
1695 3129 1776 3182 17.
1831 3128 1896 3181 de
1945 3127 2128 3181 iudice
2178 3127 2203 3178 I
2255 3126 2377 3191 350,
2430 3128 2479 3178 2·
2534 3125 2599 3177 de

317 3232 473 3283 quam
518 3218 693 3271 inanis
725 3223 782 3273 et
808 3220 947 3274 falsa
976 3223 1066 3286 sit)
1099 3222 1124 3274 I
1158 3223 1276 3285 179,
1306 3223 1390 3276 23.
1521 3234 1683 3270 causa
1719 3217 1746 3269 I
1777 3218 1897 3281 549,
1933 3218 1977 3269 1.
2017 3216 2367 3284 pronuntiare
2405 3213 2599 3267 iudicis

316 3304 433 3366 384,
490 3305 573 3359 13.
623 3308 744 3371 500,
798 3312 877 3363 16.
926 3311 1046 3374 691,
1087 3311 1171 3363 22.
1212 3310 1264 3362 ΙΙ
1304 3312 1389 3372 53,
1522 3311 1623 3370 est,
1689 3324 1796 3359 non
1864 3305 2230 3372 argumentari
2286 3304 2312 3357 I
2371 3304 2488 3364 179,
2547 3302 2596 3357 8.

314 3393 395 3446 22.
437 3393 510 3460 cf.
555 3397 818 3450 traiectio.
1520 3394 1841 3465 pronuntiat
1867 3394 1997 3446 illos
2024 3392 2279 3446 Caesares
2308 3392 2363 3443 11
2392 3391 2449 3442 M
2482 3392 2598 3453 195,

247 3480 418 3547 proles
456 3482 516 3535 II
552 3484 634 3537 Ph
676 3486 792 3548 146,
835 3487 951 3540 167.
1518 3486 1568 3538 3.
1611 3482 1753 3551 quod
1795 3485 1924 3550 (pro
1964 3497 2075 3534 acc.
2116 3497 2157 3533 e.
2196 3480 2323 3548 inf.)
2365 3486 2413 3533 et
2451 3480 2592 3531 coni.

244 3569 526 3637 prolixitas
562 3571 590 3624 I
629 3575 748 3636 675,
789 3576 837 3627 6.
1517 3574 1543 3626 I
1585 3573 1703 3633 708,
1747 3572 1828 3625 13.
2567 3630 2577 3638 ,

245 3658 479 3725 prolixus
520 3660 548 3712 Ι
588 3663 707 3727 676,
747 3664 796 3719 2.
835 3663 889 3716 11
927 3666 1014 3726 25,
1058 3666 1137 3718 19.
1445 3678 1647 3733 pronus
1688 3662 1712 3713 Ι
1752 3662 1801 3722 5,
1843 3660 1928 3713 20.
1975 3660 2091 3718 102,
2141 3659 2217 3710 12.
2257 3658 2381 3721 490,
2420 3657 2503 3709 20.
2546 3656 2598 3709 II

244 3748 499 3819 prologus
539 3751 587 3818 [1
625 3751 707 3815 21,
750 3753 821 3821 6.]
862 3752 917 3805 ΙΙ
961 3754 1079 3816 156,
1123 3754 1202 3808 10.
1518 3753 1603 3814 69,
1645 3752 1727 3803 22.
1778 3749 1960 3818 pronis
2009 3746 2318 3815 corporibus
2357 3745 2383 3798 Ι
2421 3746 2505 3808 98,
2551 3747 2596 3797 1.

243 3838 493 3908 proloqui
530 3839 561 3892 Ι
596 3840 717 3903 378,
762 3842 841 3895 19.
892 3843 1011 3906 596,
1051 3844 1135 3896 21.
1178 3844 1298 3904 661,
1339 3843 1386 3896 8.
1518 3841 1640 3902 612,
1685 3840 1763 3893 14.
1806 3854 1999 3891 curuus
2049 3839 2105 3889 et
2141 3851 2341 3904 pronus
2380 3833 2436 3886 11
2477 3834 2595 3898 121,

244 3933 510 3994 promere:
561 3931 736 3983 oriens
786 3932 986 4000 promit
1022 3931 1165 3984 diem
1204 3931 1271 3985 ad
1308 3932 1389 3985 la·
1519 3930 1568 3983 3.
1610 3929 1662 3981 in
1705 3927 1943 3981 deterius
1981 3925 2007 3978 Ι
2050 3926 2165 3988 195,
2211 3925 2289 3978 16.
2342 3922 2410 3976 ad
2460 3923 2597 3976 bene

310 4018 500 4074 horem
538 4020 590 4073 Π
631 4021 752 4084 100,
787 4022 838 4077 2.
1482 4032 1495 4050 ··
1519 4016 1824 4072 faciendum
1862 4016 1889 4069 Ι
1929 4016 2048 4077 730,
2090 4015 2136 4067 2.
2177 4029 2346 4083 prona
2384 4011 2534 4065 dictu
2571 4013 2598 4065 I

242 4109 537 4176 promereri
576 4110 812 4176 aliquem
849 4110 877 4163 I
913 4112 1033 4174 514,
1073 4113 1121 4165 5.
1155 4113 1274 4175 534,
1309 4111 1389 4165 10.
1520 4110 1572 4168 4,
1622 4109 1670 4161 2.
1719 4106 1773 4158 in
1824 4121 1983 4174 quem
2030 4103 2292 4156 beneficia
2340 4102 2428 4154 dei
2475 4118 2596 4170 pro-

313 4197 369 4251 ΙΙ
417 4200 505 4262 75,
555 4199 639 4252 20.
691 4198 911 4265 aliquid
955 4199 981 4251 1
1029 4200 1150 4263 408,
1204 4201 1284 4253 17.
1325 4199 1393 4252 ad
1520 4197 1676 4249 niora
1711 4198 1841 4248 sunt
1875 4193 1902 4246 Ι
1940 4193 2061 4255 743,
2104 4194 2187 4246 17.

313 4286 730 4356 promerendum
767 4288 823 4341 ΙΙ
862 4290 947 4351 76,
990 4289 1070 4341 14.
1450 4300 1751 4355 propagare
1802 4282 1829 4335 1
1884 4282 1968 4344 30,
2021 4282 2071 4334 2.
2128 4281 2246 4344 155,
2299 4281 2347 4333 9.
2388 4279 2509 4343 203,
2549 4280 2599 4331 5.

244 4377 556 4443 prominens
590 4375 647 4429 Π
684 4377 771 4439 21,
812 4378 894 4430 24.
1525 4376 1647 4437 502,
1691 4375 1774 4427 19.
1813 4371 1869 4425 ΙΙ
1906 4373 1993 4433 47,
2037 4372 2118 4426 12.
